<?xml version="1.0" encoding="UTF-8"?>
<!DOCTYPE html PUBLIC "-//W3C//DTD XHTML 1.0 Transitional//EN"
    "http://www.w3.org/TR/xhtml1/DTD/xhtml1-transitional.dtd">
<html xmlns="http://www.w3.org/1999/xhtml" xml:lang="en" lang="en">
 <head>
  <title>
</title>
<meta http-equiv="Content-Type" content="text/html;charset=utf-8" />
  <meta name='ocr-system' content='tesseract 3.04.00' />
  <meta name='ocr-capabilities' content='ocr_page ocr_carea ocr_par ocr_line ocrx_word'/>
</head>
<body>
  <div class='ocr_page' id='page_1' title='image "./regesta00xgoog_0924.png"; bbox 0 0 5442 6742; ppageno 0'>
   <div class='ocr_carea' id='block_1_1' title="bbox 946 197 2361 324">
    <p class='ocr_par' dir='ltr' id='par_1_1' title="bbox 946 197 2361 324">
     <span class='ocr_line' id='line_1_1' title="bbox 946 197 2361 324; baseline -0.001 -4"><span class='ocrx_word' id='word_1_1' title='bbox 946 247 1654 324; x_wconf 80' lang='grc'><strong>11000100110000000110.</strong></span> <span class='ocrx_word' id='word_1_2' title='bbox 1713 247 1821 318; x_wconf 83' lang='lat'><strong>1515.</strong></span> <span class='ocrx_word' id='word_1_3' title='bbox 1926 197 1929 202; x_wconf 56' lang='grc'><em>’</em></span> <span class='ocrx_word' id='word_1_4' title='bbox 2291 245 2361 318; x_wconf 81' lang='grc'><strong>100</strong></span> 
     </span>
    </p>
   </div>
   <div class='ocr_carea' id='block_1_2' title="bbox 413 377 2374 402">
    <p class='ocr_par' dir='ltr' id='par_1_2' title="bbox 413 377 2374 402">
     <span class='ocr_line' id='line_1_2' title="bbox 413 377 2374 402; baseline 0.001 -6"><span class='ocrx_word' id='word_1_5' title='bbox 413 377 2374 402; x_wconf 56' lang='lat' dir='ltr'><em>m</em></span> 
     </span>
    </p>
   </div>
   <div class='ocr_carea' id='block_1_3' title="bbox 404 403 2363 414">
    <p class='ocr_par' dir='ltr' id='par_1_3' title="bbox 404 403 2363 414">
     <span class='ocr_line' id='line_1_3' title="bbox 404 403 2363 414; baseline -0.004 1"><span class='ocrx_word' id='word_1_6' title='bbox 404 405 665 412; x_wconf 78' lang='lat'><em>·····-···——-··-—·—·</em></span> <span class='ocrx_word' id='word_1_7' title='bbox 669 403 2363 414; x_wconf 42' lang='grc' dir='ltr'><strong>Ἥμᾙῤ-</strong></span> 
     </span>
    </p>
   </div>
   <div class='ocr_carea' id='block_1_4' title="bbox 817 489 930 574">
    <p class='ocr_par' dir='ltr' id='par_1_4' title="bbox 817 489 930 574">
     <span class='ocr_line' id='line_1_4' title="bbox 817 489 930 574; baseline 0 0"><span class='ocrx_word' id='word_1_8' title='bbox 817 489 930 574; x_wconf 82' lang='grc'><strong>1515.</strong></span> 
     </span>
    </p>
   </div>
   <div class='ocr_carea' id='block_1_5' title="bbox 434 625 2407 5646">
    <p class='ocr_par' dir='ltr' id='par_1_5' title="bbox 781 625 2407 4392">
     <span class='ocr_line' id='line_1_5' title="bbox 877 625 2407 706; baseline -0.004 -16"><span class='ocrx_word' id='word_1_9' title='bbox 877 631 1115 706; x_wconf 87' lang='lat' dir='ltr'><strong>diversitateque</strong></span> <span class='ocrx_word' id='word_1_10' title='bbox 1140 629 1276 704; x_wconf 86' lang='lat' dir='ltr'><strong>gentium</strong></span> <span class='ocrx_word' id='word_1_11' title='bbox 1307 633 1397 706; x_wconf 86' lang='lat' dir='ltr'><strong>atque</strong></span> <span class='ocrx_word' id='word_1_12' title='bbox 1424 631 1484 690; x_wconf 92' lang='lat' dir='ltr'><strong>illis</strong></span> <span class='ocrx_word' id='word_1_13' title='bbox 1511 629 1722 704; x_wconf 76' lang='lat' dir='ltr'><strong>imperantium</strong></span> <span class='ocrx_word' id='word_1_14' title='bbox 1751 631 1788 690; x_wconf 87' lang='lat' dir='ltr'><strong>ad</strong></span> <span class='ocrx_word' id='word_1_15' title='bbox 1808 627 1921 690; x_wconf 83' lang='lat' dir='ltr'><strong>Urbem</strong></span> <span class='ocrx_word' id='word_1_16' title='bbox 1942 625 2067 684; x_wconf 83' lang='lat' dir='ltr'><strong>Romam</strong></span> <span class='ocrx_word' id='word_1_17' title='bbox 2095 645 2301 704; x_wconf 80' lang='lat' dir='ltr'><strong>nequaquam,</strong></span> <span class='ocrx_word' id='word_1_18' title='bbox 2333 629 2367 684; x_wconf 93' lang='lat' dir='ltr'><strong>ut</strong></span> <span class='ocrx_word' id='word_1_19' title='bbox 2405 683 2407 690; x_wconf 87' lang='grc'><strong>,</strong></span> 
     </span>
     <span class='ocr_line' id='line_1_6' title="bbox 876 705 2364 786; baseline -0.005 -18"><span class='ocrx_word' id='word_1_20' title='bbox 876 711 1053 786; x_wconf 90' lang='lat' dir='ltr'><strong>cupiebant,</strong></span> <span class='ocrx_word' id='word_1_21' title='bbox 1076 711 1222 768; x_wconf 88' lang='lat' dir='ltr'><strong>hactenus</strong></span> <span class='ocrx_word' id='word_1_22' title='bbox 1238 709 1382 768; x_wconf 89' lang='lat' dir='ltr'><strong>accedere</strong></span> <span class='ocrx_word' id='word_1_23' title='bbox 1403 709 1554 782; x_wconf 83' lang='lat' dir='ltr'><strong>potuisse;</strong></span> <span class='ocrx_word' id='word_1_24' title='bbox 1575 727 1656 766; x_wconf 90' lang='lat' dir='ltr'><strong>nuuc</strong></span> <span class='ocrx_word' id='word_1_25' title='bbox 1670 727 1740 766; x_wconf 83' lang='lat' dir='ltr'><strong>vero</strong></span> <span class='ocrx_word' id='word_1_26' title='bbox 1757 705 1915 786; x_wconf 87' lang='lat' dir='ltr'><strong>patefactis</strong></span> <span class='ocrx_word' id='word_1_27' title='bbox 1938 709 2009 762; x_wconf 90' lang='lat' dir='ltr'><strong>tuae</strong></span> <span class='ocrx_word' id='word_1_28' title='bbox 2029 705 2199 780; x_wconf 91' lang='lat' dir='ltr'><strong>majestatis</strong></span> <span class='ocrx_word' id='word_1_29' title='bbox 2221 705 2364 766; x_wconf 89' lang='lat' dir='ltr'><strong>beneficio</strong></span> 
     </span>
     <span class='ocr_line' id='line_1_7' title="bbox 874 783 2365 862; baseline -0.004 -16"><span class='ocrx_word' id='word_1_30' title='bbox 874 789 1035 848; x_wconf 76' lang='lat' dir='ltr'><strong>itineribus</strong></span> <span class='ocrx_word' id='word_1_31' title='bbox 1056 807 1089 846; x_wconf 88' lang='lat' dir='ltr'><strong>ac</strong></span> <span class='ocrx_word' id='word_1_32' title='bbox 1111 787 1206 862; x_wconf 90' lang='lat' dir='ltr'><strong>magis</strong></span> <span class='ocrx_word' id='word_1_33' title='bbox 1229 787 1339 862; x_wconf 85' lang='lat' dir='ltr'><strong>perviis</strong></span> <span class='ocrx_word' id='word_1_34' title='bbox 1360 789 1490 846; x_wconf 87' lang='lat' dir='ltr'><strong>laetatos</strong></span> <span class='ocrx_word' id='word_1_35' title='bbox 1513 807 1601 862; x_wconf 88' lang='lat' dir='ltr'><strong>quam</strong></span> <span class='ocrx_word' id='word_1_36' title='bbox 1621 787 1767 862; x_wconf 83' lang='lat' dir='ltr'><strong>maxime,</strong></span> <span class='ocrx_word' id='word_1_37' title='bbox 1796 805 1831 846; x_wconf 90' lang='lat' dir='ltr'><strong>eo</strong></span> <span class='ocrx_word' id='word_1_38' title='bbox 1853 783 2047 860; x_wconf 90' lang='lat' dir='ltr'><strong>praesertim,</strong></span> <span class='ocrx_word' id='word_1_39' title='bbox 2079 785 2158 858; x_wconf 93' lang='lat' dir='ltr'><strong>quod</strong></span> <span class='ocrx_word' id='word_1_40' title='bbox 2180 783 2274 840; x_wconf 83' lang='lat' dir='ltr'><strong>ueluti</strong></span> <span class='ocrx_word' id='word_1_41' title='bbox 2295 801 2365 840; x_wconf 84' lang='lat' dir='ltr'><strong>oves</strong></span> 
     </span>
     <span class='ocr_line' id='line_1_8' title="bbox 876 861 2365 942; baseline -0.005 -16"><span class='ocrx_word' id='word_1_42' title='bbox 876 887 894 926; x_wconf 90' lang='lat' dir='ltr'><strong>a</strong></span> <span class='ocrx_word' id='word_1_43' title='bbox 914 867 1062 926; x_wconf 89' lang='lat' dir='ltr'><strong>dominico</strong></span> <span class='ocrx_word' id='word_1_44' title='bbox 1083 883 1175 942; x_wconf 92' lang='lat' dir='ltr'><strong>grege</strong></span> <span class='ocrx_word' id='word_1_45' title='bbox 1197 865 1309 924; x_wconf 91' lang='lat' dir='ltr'><strong>diutius</strong></span> <span class='ocrx_word' id='word_1_46' title='bbox 1337 883 1390 940; x_wconf 89' lang='lat' dir='ltr'><strong>per</strong></span> <span class='ocrx_word' id='word_1_47' title='bbox 1418 867 1539 924; x_wconf 86' lang='lat' dir='ltr'><strong>deserta</strong></span> <span class='ocrx_word' id='word_1_48' title='bbox 1560 865 1749 924; x_wconf 75' lang='lat' dir='ltr'><strong>errabundae</strong></span> <span class='ocrx_word' id='word_1_49' title='bbox 1772 867 1897 942; x_wconf 91' lang='lat' dir='ltr'><strong>cupiunt</strong></span> <span class='ocrx_word' id='word_1_50' title='bbox 1919 881 1983 920; x_wconf 86' lang='lat' dir='ltr'><strong>curn</strong></span> <span class='ocrx_word' id='word_1_51' title='bbox 2009 863 2115 920; x_wconf 91' lang='lat' dir='ltr'><strong>ceteris</strong></span> <span class='ocrx_word' id='word_1_52' title='bbox 2143 861 2365 932; x_wconf 90' lang='lat' dir='ltr'><strong>communicare</strong></span> 
     </span>
     <span class='ocr_line' id='line_1_9' title="bbox 875 939 2361 1020; baseline -0.005 -16"><span class='ocrx_word' id='word_1_53' title='bbox 875 945 1012 1006; x_wconf 88' lang='lat' dir='ltr'><strong>fidelibus</strong></span> <span class='ocrx_word' id='word_1_54' title='bbox 1026 945 1255 1018; x_wconf 90' lang='lat' dir='ltr'><strong>Romanumque</strong></span> <span class='ocrx_word' id='word_1_55' title='bbox 1275 943 1444 1018; x_wconf 77' lang='lat' dir='ltr'><strong>praesulem</strong></span> <span class='ocrx_word' id='word_1_56' title='bbox 1467 947 1497 1000; x_wconf 87' lang='lat' dir='ltr'><strong>et</strong></span> <span class='ocrx_word' id='word_1_57' title='bbox 1512 947 1662 1020; x_wconf 75' lang='lat' dir='ltr'><strong>pastorem</strong></span> <span class='ocrx_word' id='word_1_58' title='bbox 1685 943 1819 1018; x_wconf 88' lang='lat' dir='ltr'><strong>ejusdem</strong></span> <span class='ocrx_word' id='word_1_59' title='bbox 1839 941 1939 1018; x_wconf 89' lang='lat' dir='ltr'><strong>gregis</strong></span> <span class='ocrx_word' id='word_1_60' title='bbox 1955 959 2118 1016; x_wconf 87' lang='lat' dir='ltr'><strong>agnoscere</strong></span> <span class='ocrx_word' id='word_1_61' title='bbox 2139 945 2179 1014; x_wconf 91' lang='lat' dir='ltr'><strong>et,</strong></span> <span class='ocrx_word' id='word_1_62' title='bbox 2200 939 2246 998; x_wconf 89' lang='lat' dir='ltr'><strong>uti</strong></span> <span class='ocrx_word' id='word_1_63' title='bbox 2267 941 2361 1010; x_wconf 89' lang='lat' dir='ltr'><strong>decet,</strong></span> 
     </span>
     <span class='ocr_line' id='line_1_10' title="bbox 875 1019 2364 1098; baseline -0.005 -14"><span class='ocrx_word' id='word_1_64' title='bbox 875 1025 1029 1098; x_wconf 88' lang='lat' dir='ltr'><strong>venerari,</strong></span> <span class='ocrx_word' id='word_1_65' title='bbox 1061 1027 1226 1098; x_wconf 90' lang='lat' dir='ltr'><strong>petereque</strong></span> <span class='ocrx_word' id='word_1_66' title='bbox 1254 1027 1431 1098; x_wconf 87' lang='lat' dir='ltr'><strong>propterea,</strong></span> <span class='ocrx_word' id='word_1_67' title='bbox 1460 1025 1496 1080; x_wconf 91' lang='lat' dir='ltr'><strong>ut</strong></span> <span class='ocrx_word' id='word_1_68' title='bbox 1525 1023 1698 1080; x_wconf 77' lang='lat' dir='ltr'><strong>interventu</strong></span> <span class='ocrx_word' id='word_1_69' title='bbox 1718 1021 1823 1080; x_wconf 90' lang='lat' dir='ltr'><strong>mortis</strong></span> <span class='ocrx_word' id='word_1_70' title='bbox 1852 1021 1945 1096; x_wconf 90' lang='lat' dir='ltr'><strong>ipsius</strong></span> <span class='ocrx_word' id='word_1_71' title='bbox 1967 1021 2060 1080; x_wconf 86' lang='lat' dir='ltr'><strong>Nlarei</strong></span> <span class='ocrx_word' id='word_1_72' title='bbox 2081 1019 2296 1092; x_wconf 89' lang='lat' dir='ltr'><strong>Patriarohac,</strong></span> <span class='ocrx_word' id='word_1_73' title='bbox 2325 1035 2364 1076; x_wconf 93' lang='lat' dir='ltr'><strong>ne</strong></span> 
     </span>
     <span class='ocr_line' id='line_1_11' title="bbox 875 1097 2364 1178; baseline -0.006 -16"><span class='ocrx_word' id='word_1_74' title='bbox 875 1101 1092 1162; x_wconf 74' lang='lat' dir='ltr'><strong>Christifidelcs</strong></span> <span class='ocrx_word' id='word_1_75' title='bbox 1114 1101 1269 1178; x_wconf 88' lang='lat' dir='ltr'><strong>patiantur</strong></span> <span class='ocrx_word' id='word_1_76' title='bbox 1289 1101 1368 1176; x_wconf 89' lang='lat' dir='ltr'><strong>apud</strong></span> <span class='ocrx_word' id='word_1_77' title='bbox 1389 1101 1470 1176; x_wconf 89' lang='lat' dir='ltr'><strong>ipsos</strong></span> <span class='ocrx_word' id='word_1_78' title='bbox 1493 1099 1715 1176; x_wconf 88' lang='lat' dir='ltr'><strong>detrimentum,</strong></span> <span class='ocrx_word' id='word_1_79' title='bbox 1738 1101 1884 1176; x_wconf 81' lang='lat' dir='ltr'><strong>eligamus</strong></span> <span class='ocrx_word' id='word_1_80' title='bbox 1906 1115 2125 1170; x_wconf 87' lang='lat' dir='ltr'><strong>successorem,</strong></span> <span class='ocrx_word' id='word_1_81' title='bbox 2153 1097 2274 1156; x_wconf 89' lang='lat' dir='ltr'><strong>interim</strong></span> <span class='ocrx_word' id='word_1_82' title='bbox 2297 1113 2364 1154; x_wconf 91' lang='lat' dir='ltr'><strong>eum</strong></span> 
     </span>
     <span class='ocr_line' id='line_1_12' title="bbox 875 1177 2366 1254; baseline -0.005 -16"><span class='ocrx_word' id='word_1_83' title='bbox 875 1181 1020 1240; x_wconf 90' lang='lat' dir='ltr'><strong>Nostrum</strong></span> <span class='ocrx_word' id='word_1_84' title='bbox 1043 1183 1072 1236; x_wconf 91' lang='grc'><strong>01</strong></span> <span class='ocrx_word' id='word_1_85' title='bbox 1086 1181 1143 1254; x_wconf 86' lang='lat' dir='ltr'><strong>Ap.</strong></span> <span class='ocrx_word' id='word_1_86' title='bbox 1160 1179 1245 1238; x_wconf 76' lang='lat' dir='ltr'><strong>Sedis</strong></span> <span class='ocrx_word' id='word_1_87' title='bbox 1259 1179 1407 1254; x_wconf 81' lang='lat' dir='ltr'><strong>Legatum</strong></span> <span class='ocrx_word' id='word_1_88' title='bbox 1421 1179 1608 1254; x_wconf 70' lang='lat' dir='ltr'><strong>deputemur,</strong></span> <span class='ocrx_word' id='word_1_89' title='bbox 1632 1197 1690 1252; x_wconf 92' lang='lat' dir='ltr'><strong>quo</strong></span> <span class='ocrx_word' id='word_1_90' title='bbox 1714 1179 1828 1254; x_wconf 86' lang='lat' dir='ltr'><strong>majore</strong></span> <span class='ocrx_word' id='word_1_91' title='bbox 1850 1179 2009 1236; x_wconf 81' lang='lat' dir='ltr'><strong>devotione</strong></span> <span class='ocrx_word' id='word_1_92' title='bbox 2030 1177 2219 1254; x_wconf 91' lang='lat' dir='ltr'><strong>populorum,</strong></span> <span class='ocrx_word' id='word_1_93' title='bbox 2241 1179 2366 1248; x_wconf 86' lang='lat' dir='ltr'><strong>accepta</strong></span> 
     </span>
     <span class='ocr_line' id='line_1_13' title="bbox 877 1253 2366 1334; baseline -0.004 -18"><span class='ocrx_word' id='word_1_94' title='bbox 877 1261 912 1320; x_wconf 89' lang='lat' dir='ltr'><strong>ab</strong></span> <span class='ocrx_word' id='word_1_95' title='bbox 935 1259 993 1334; x_wconf 87' lang='lat' dir='ltr'><strong>Ap.</strong></span> <span class='ocrx_word' id='word_1_96' title='bbox 1015 1257 1092 1318; x_wconf 76' lang='lat' dir='ltr'><strong>Sede</strong></span> <span class='ocrx_word' id='word_1_97' title='bbox 1113 1259 1303 1332; x_wconf 90' lang='lat' dir='ltr'><strong>auctoritate,</strong></span> <span class='ocrx_word' id='word_1_98' title='bbox 1333 1275 1409 1332; x_wconf 90' lang='lat' dir='ltr'><strong>quae</strong></span> <span class='ocrx_word' id='word_1_99' title='bbox 1429 1257 1601 1314; x_wconf 88' lang='lat' dir='ltr'><strong>necessario</strong></span> <span class='ocrx_word' id='word_1_100' title='bbox 1630 1257 1668 1312; x_wconf 91' lang='lat' dir='ltr'><strong>ad</strong></span> <span class='ocrx_word' id='word_1_101' title='bbox 1688 1255 1777 1314; x_wconf 88' lang='lat' dir='ltr'><strong>fidem</strong></span> <span class='ocrx_word' id='word_1_102' title='bbox 1798 1257 1967 1332; x_wconf 84' lang='lat' dir='ltr'><strong>pertinent,</strong></span> <span class='ocrx_word' id='word_1_103' title='bbox 1995 1275 2049 1330; x_wconf 94' lang='lat' dir='ltr'><strong>pro</strong></span> <span class='ocrx_word' id='word_1_104' title='bbox 2072 1257 2240 1312; x_wconf 87' lang='lat' dir='ltr'><strong>animarum</strong></span> <span class='ocrx_word' id='word_1_105' title='bbox 2268 1253 2366 1310; x_wconf 89' lang='lat' dir='ltr'><strong>saluto</strong></span> 
     </span>
     <span class='ocr_line' id='line_1_14' title="bbox 781 1331 2365 1414; baseline -0.004 -18"><span class='ocrx_word' id='word_1_106' title='bbox 781 1347 783 1354; x_wconf 80' lang='grc'>’</span> <span class='ocrx_word' id='word_1_107' title='bbox 875 1341 1032 1414; x_wconf 86' lang='lat' dir='ltr'><strong>praestare</strong></span> <span class='ocrx_word' id='word_1_108' title='bbox 1054 1339 1084 1394; x_wconf 91' lang='lat' dir='ltr'><strong>et</strong></span> <span class='ocrx_word' id='word_1_109' title='bbox 1099 1355 1242 1394; x_wconf 88' lang='lat' dir='ltr'><strong>exercere</strong></span> <span class='ocrx_word' id='word_1_110' title='bbox 1261 1335 1368 1412; x_wconf 82' lang='lat' dir='ltr'><strong>possit3</strong></span> <span class='ocrx_word' id='word_1_111' title='bbox 1389 1335 1494 1410; x_wconf 90' lang='lat' dir='ltr'><strong>itaque</strong></span> <span class='ocrx_word' id='word_1_112' title='bbox 1514 1333 1704 1406; x_wconf 77' lang='lat' dir='ltr'><strong>majestatem</strong></span> <span class='ocrx_word' id='word_1_113' title='bbox 1719 1337 1802 1392; x_wconf 90' lang='lat' dir='ltr'><strong>tuam</strong></span> <span class='ocrx_word' id='word_1_114' title='bbox 1817 1335 1986 1410; x_wconf 88' lang='lat' dir='ltr'><strong>supplicare</strong></span> <span class='ocrx_word' id='word_1_115' title='bbox 2001 1333 2106 1408; x_wconf 90' lang='lat' dir='ltr'><strong>Nobis,</strong></span> <span class='ocrx_word' id='word_1_116' title='bbox 2128 1335 2162 1392; x_wconf 91' lang='lat' dir='ltr'><strong>ut</strong></span> <span class='ocrx_word' id='word_1_117' title='bbox 2183 1351 2237 1408; x_wconf 91' lang='lat' dir='ltr'><strong>pro</strong></span> <span class='ocrx_word' id='word_1_118' title='bbox 2252 1331 2365 1390; x_wconf 87' lang='lat' dir='ltr'><strong>Nostro</strong></span> 
     </span>
     <span class='ocr_line' id='line_1_15' title="bbox 876 1411 2367 1492; baseline -0.005 -18"><span class='ocrx_word' id='word_1_119' title='bbox 876 1417 975 1474; x_wconf 84' lang='lat' dir='ltr'><strong>officio</strong></span> <span class='ocrx_word' id='word_1_120' title='bbox 998 1413 1143 1492; x_wconf 87' lang='lat' dir='ltr'><strong>pastorali</strong></span> <span class='ocrx_word' id='word_1_121' title='bbox 1166 1415 1296 1474; x_wconf 88' lang='lat' dir='ltr'><strong>oblatam</strong></span> <span class='ocrx_word' id='word_1_122' title='bbox 1318 1413 1573 1490; x_wconf 86' lang='lat' dir='ltr'><strong>opportunitatem</strong></span> <span class='ocrx_word' id='word_1_123' title='bbox 1595 1411 1639 1470; x_wconf 91' lang='lat' dir='ltr'><strong>rei</strong></span> <span class='ocrx_word' id='word_1_124' title='bbox 1659 1431 1713 1488; x_wconf 88' lang='lat' dir='ltr'><strong>pro</strong></span> <span class='ocrx_word' id='word_1_125' title='bbox 1735 1413 1920 1470; x_wconf 88' lang='lat' dir='ltr'><strong>exaltatione</strong></span> <span class='ocrx_word' id='word_1_126' title='bbox 1935 1413 2004 1470; x_wconf 89' lang='lat' dir='ltr'><strong>fidei</strong></span> <span class='ocrx_word' id='word_1_127' title='bbox 2018 1413 2094 1470; x_wconf 91' lang='lat' dir='ltr'><strong>bene</strong></span> <span class='ocrx_word' id='word_1_128' title='bbox 2108 1411 2260 1488; x_wconf 83' lang='lat' dir='ltr'><strong>gerendae</strong></span> <span class='ocrx_word' id='word_1_129' title='bbox 2280 1427 2367 1486; x_wconf 90' lang='lat' dir='ltr'><strong>prae·</strong></span> 
     </span>
     <span class='ocr_line' id='line_1_16' title="bbox 876 1489 2366 1570; baseline -0.004 -18"><span class='ocrx_word' id='word_1_130' title='bbox 876 1497 968 1554; x_wconf 88' lang='grc'><strong>101110</strong></span> <span class='ocrx_word' id='word_1_131' title='bbox 989 1495 1128 1570; x_wconf 91' lang='lat' dir='ltr'><strong>nolimus,</strong></span> <span class='ocrx_word' id='word_1_132' title='bbox 1152 1495 1224 1570; x_wconf 91' lang='grc'><strong>0010</strong></span> <span class='ocrx_word' id='word_1_133' title='bbox 1245 1495 1334 1552; x_wconf 91' lang='lat' dir='ltr'><strong>immo</strong></span> <span class='ocrx_word' id='word_1_134' title='bbox 1356 1493 1394 1550; x_wconf 90' lang='lat' dir='ltr'><strong>ad</strong></span> <span class='ocrx_word' id='word_1_135' title='bbox 1414 1493 1513 1568; x_wconf 92' lang='lat' dir='ltr'><strong>ipsum</strong></span> <span class='ocrx_word' id='word_1_136' title='bbox 1534 1491 1665 1566; x_wconf 86' lang='lat' dir='ltr'><strong>Regem,</strong></span> <span class='ocrx_word' id='word_1_137' title='bbox 1697 1491 1748 1566; x_wconf 93' lang='lat' dir='ltr'><strong>qui</strong></span> <span class='ocrx_word' id='word_1_138' title='bbox 1769 1491 1874 1564; x_wconf 89' lang='lat' dir='ltr'><strong>armis,</strong></span> <span class='ocrx_word' id='word_1_139' title='bbox 1904 1491 2001 1566; x_wconf 90' lang='lat' dir='ltr'><strong>equis,</strong></span> <span class='ocrx_word' id='word_1_140' title='bbox 2032 1491 2188 1548; x_wconf 87' lang='lat' dir='ltr'><strong>innumero</strong></span> <span class='ocrx_word' id='word_1_141' title='bbox 2218 1489 2366 1566; x_wconf 89' lang='lat' dir='ltr'><strong>peditatu,</strong></span> 
     </span>
     <span class='ocr_line' id='line_1_17' title="bbox 876 1567 2366 1650; baseline -0.004 -18"><span class='ocrx_word' id='word_1_142' title='bbox 876 1577 1012 1648; x_wconf 89' lang='lat' dir='ltr'><strong>argento,</strong></span> <span class='ocrx_word' id='word_1_143' title='bbox 1043 1591 1117 1630; x_wconf 89' lang='grc'><strong>0010</strong></span> <span class='ocrx_word' id='word_1_144' title='bbox 1139 1579 1231 1650; x_wconf 85' lang='grc'><strong>01000</strong></span> <span class='ocrx_word' id='word_1_145' title='bbox 1251 1575 1317 1632; x_wconf 88' lang='grc'><strong>01110</strong></span> <span class='ocrx_word' id='word_1_146' title='bbox 1346 1573 1452 1648; x_wconf 92' lang='lat' dir='ltr'><strong>opibus</strong></span> <span class='ocrx_word' id='word_1_147' title='bbox 1474 1569 1575 1628; x_wconf 84' lang='lat' dir='ltr'><strong>affluit</strong></span> <span class='ocrx_word' id='word_1_148' title='bbox 1597 1569 1815 1644; x_wconf 81' lang='lat' dir='ltr'><strong>sexagintaque</strong></span> <span class='ocrx_word' id='word_1_149' title='bbox 1837 1587 1891 1628; x_wconf 89' lang='lat' dir='ltr'><strong>sex</strong></span> <span class='ocrx_word' id='word_1_150' title='bbox 1905 1569 2037 1644; x_wconf 86' lang='lat' dir='ltr'><strong>Regibus</strong></span> <span class='ocrx_word' id='word_1_151' title='bbox 2054 1567 2224 1626; x_wconf 89' lang='lat' dir='ltr'><strong>christianis</strong></span> <span class='ocrx_word' id='word_1_152' title='bbox 2246 1575 2276 1628; x_wconf 91' lang='lat' dir='ltr'><strong>et</strong></span> <span class='ocrx_word' id='word_1_153' title='bbox 2298 1569 2366 1626; x_wconf 94' lang='lat' dir='ltr'><strong>octo</strong></span> 
     </span>
     <span class='ocr_line' id='line_1_18' title="bbox 875 1647 2370 1728; baseline -0.004 -18"><span class='ocrx_word' id='word_1_154' title='bbox 875 1653 1127 1710; x_wconf 88' lang='lat' dir='ltr'><strong>mahummetanis</strong></span> <span class='ocrx_word' id='word_1_155' title='bbox 1154 1653 1297 1728; x_wconf 89' lang='lat' dir='ltr'><strong>imperat,</strong></span> <span class='ocrx_word' id='word_1_156' title='bbox 1328 1655 1357 1710; x_wconf 91' lang='grc'><strong>01</strong></span> <span class='ocrx_word' id='word_1_157' title='bbox 1385 1651 1424 1708; x_wconf 89' lang='lat' dir='ltr'><strong>ad</strong></span> <span class='ocrx_word' id='word_1_158' title='bbox 1452 1647 1519 1722; x_wconf 91' lang='lat' dir='ltr'><strong>ejus</strong></span> <span class='ocrx_word' id='word_1_159' title='bbox 1547 1651 1672 1706; x_wconf 93' lang='lat' dir='ltr'><strong>matrem</strong></span> <span class='ocrx_word' id='word_1_160' title='bbox 1694 1647 1858 1722; x_wconf 90' lang='lat' dir='ltr'><strong>Helenam,</strong></span> <span class='ocrx_word' id='word_1_161' title='bbox 1888 1647 2044 1704; x_wconf 90' lang='lat' dir='ltr'><strong>mulierem</strong></span> <span class='ocrx_word' id='word_1_162' title='bbox 2066 1647 2227 1722; x_wconf 88' lang='lat' dir='ltr'><strong>prudentia</strong></span> <span class='ocrx_word' id='word_1_163' title='bbox 2249 1651 2279 1704; x_wconf 92' lang='lat' dir='ltr'><strong>et</strong></span> <span class='ocrx_word' id='word_1_164' title='bbox 2300 1647 2370 1704; x_wconf 90' lang='lat' dir='ltr'><strong>reli·</strong></span> 
     </span>
     <span class='ocr_line' id='line_1_19' title="bbox 875 1725 2367 1806; baseline -0.004 -18"><span class='ocrx_word' id='word_1_165' title='bbox 875 1731 966 1806; x_wconf 93' lang='lat' dir='ltr'><strong>gicnc</strong></span> <span class='ocrx_word' id='word_1_166' title='bbox 987 1731 1143 1804; x_wconf 89' lang='lat' dir='ltr'><strong>insignem,</strong></span> <span class='ocrx_word' id='word_1_167' title='bbox 1167 1731 1299 1788; x_wconf 90' lang='lat' dir='ltr'><strong>scribere</strong></span> <span class='ocrx_word' id='word_1_168' title='bbox 1322 1731 1488 1804; x_wconf 87' lang='lat' dir='ltr'><strong>dignemur,</strong></span> <span class='ocrx_word' id='word_1_169' title='bbox 1511 1745 1577 1784; x_wconf 89' lang='lat' dir='ltr'><strong>cum</strong></span> <span class='ocrx_word' id='word_1_170' title='bbox 1600 1725 1637 1784; x_wconf 90' lang='lat' dir='ltr'><strong>ad</strong></span> <span class='ocrx_word' id='word_1_171' title='bbox 1658 1725 1801 1784; x_wconf 88' lang='lat' dir='ltr'><strong>honorem</strong></span> <span class='ocrx_word' id='word_1_172' title='bbox 1817 1725 1962 1784; x_wconf 90' lang='lat' dir='ltr'><strong>Nostrum</strong></span> <span class='ocrx_word' id='word_1_173' title='bbox 1985 1731 2016 1784; x_wconf 88' lang='grc'><strong>01</strong></span> <span class='ocrx_word' id='word_1_174' title='bbox 2035 1725 2209 1802; x_wconf 89' lang='lat' dir='ltr'><strong>praedictae</strong></span> <span class='ocrx_word' id='word_1_175' title='bbox 2231 1725 2315 1784; x_wconf 77' lang='lat' dir='ltr'><strong>Sedis</strong></span> <span class='ocrx_word' id='word_1_176' title='bbox 2337 1729 2367 1784; x_wconf 92' lang='lat' dir='ltr'><strong>et</strong></span> 
     </span>
     <span class='ocr_line' id='line_1_20' title="bbox 876 1803 2367 1884; baseline -0.003 -18"><span class='ocrx_word' id='word_1_177' title='bbox 876 1809 914 1866; x_wconf 89' lang='lat' dir='ltr'><strong>ad</strong></span> <span class='ocrx_word' id='word_1_178' title='bbox 934 1809 1002 1866; x_wconf 91' lang='lat' dir='ltr'><strong>fidei</strong></span> <span class='ocrx_word' id='word_1_179' title='bbox 1022 1813 1217 1882; x_wconf 87' lang='lat' dir='ltr'><strong>augmentum</strong></span> <span class='ocrx_word' id='word_1_180' title='bbox 1240 1809 1456 1884; x_wconf 88' lang='lat' dir='ltr'><strong>christianique</strong></span> <span class='ocrx_word' id='word_1_181' title='bbox 1477 1805 1606 1864; x_wconf 90' lang='lat' dir='ltr'><strong>nominis</strong></span> <span class='ocrx_word' id='word_1_182' title='bbox 1627 1805 1799 1882; x_wconf 90' lang='lat' dir='ltr'><strong>pertineant</strong></span> <span class='ocrx_word' id='word_1_183' title='bbox 1821 1805 2078 1880; x_wconf 86' lang='lat' dir='ltr'><strong>propagationem.</strong></span> <span class='ocrx_word' id='word_1_184' title='bbox 2105 1803 2199 1878; x_wconf 88' lang='lat' dir='ltr'><strong>Haec,</strong></span> <span class='ocrx_word' id='word_1_185' title='bbox 2219 1803 2367 1864; x_wconf 81' lang='grc'><strong>111100110-</strong></span> 
     </span>
     <span class='ocr_line' id='line_1_21' title="bbox 878 1881 2364 1960; baseline -0.003 -16"><span class='ocrx_word' id='word_1_186' title='bbox 878 1887 960 1960; x_wconf 89' lang='lat' dir='ltr'><strong>sime,</strong></span> <span class='ocrx_word' id='word_1_187' title='bbox 983 1905 1050 1944; x_wconf 91' lang='lat' dir='ltr'><strong>cum</strong></span> <span class='ocrx_word' id='word_1_188' title='bbox 1072 1887 1181 1958; x_wconf 90' lang='lat' dir='ltr'><strong>partim</strong></span> <span class='ocrx_word' id='word_1_189' title='bbox 1202 1887 1295 1944; x_wconf 88' lang='lat' dir='ltr'><strong>aluis</strong></span> <span class='ocrx_word' id='word_1_190' title='bbox 1310 1887 1491 1958; x_wconf 89' lang='lat' dir='ltr'><strong>oratoribus,</strong></span> <span class='ocrx_word' id='word_1_191' title='bbox 1514 1883 1623 1958; x_wconf 90' lang='lat' dir='ltr'><strong>partim</strong></span> <span class='ocrx_word' id='word_1_192' title='bbox 1638 1885 1698 1942; x_wconf 90' lang='lat' dir='ltr'><strong>tuis</strong></span> <span class='ocrx_word' id='word_1_193' title='bbox 1712 1883 1807 1944; x_wconf 89' lang='lat' dir='ltr'><strong>literis</strong></span> <span class='ocrx_word' id='word_1_194' title='bbox 1823 1883 2035 1958; x_wconf 92' lang='lat' dir='ltr'><strong>acceperimus,</strong></span> <span class='ocrx_word' id='word_1_195' title='bbox 2057 1883 2185 1942; x_wconf 77' lang='lat' dir='ltr'><strong>sublatis</strong></span> <span class='ocrx_word' id='word_1_196' title='bbox 2201 1883 2234 1940; x_wconf 88' lang='lat' dir='ltr'><strong>in</strong></span> <span class='ocrx_word' id='word_1_197' title='bbox 2248 1881 2364 1942; x_wconf 91' lang='lat' dir='ltr'><strong>eoelum</strong></span> 
     </span>
     <span class='ocr_line' id='line_1_22' title="bbox 876 1959 2366 2040; baseline -0.003 -18"><span class='ocrx_word' id='word_1_198' title='bbox 876 1965 971 2022; x_wconf 88' lang='lat' dir='ltr'><strong>oculis</strong></span> <span class='ocrx_word' id='word_1_199' title='bbox 992 1983 1026 2022; x_wconf 89' lang='lat' dir='ltr'><strong>ac</strong></span> <span class='ocrx_word' id='word_1_200' title='bbox 1048 1963 1186 2022; x_wconf 90' lang='lat' dir='ltr'><strong>manibus</strong></span> <span class='ocrx_word' id='word_1_201' title='bbox 1215 1969 1245 2022; x_wconf 90' lang='lat' dir='ltr'><strong>et</strong></span> <span class='ocrx_word' id='word_1_202' title='bbox 1273 1963 1388 2040; x_wconf 89' lang='lat' dir='ltr'><strong>ingenti</strong></span> <span class='ocrx_word' id='word_1_203' title='bbox 1416 1983 1454 2022; x_wconf 87' lang='lat' dir='ltr'><strong>ex</strong></span> <span class='ocrx_word' id='word_1_204' title='bbox 1482 1963 1594 2020; x_wconf 90' lang='lat' dir='ltr'><strong>intimis</strong></span> <span class='ocrx_word' id='word_1_205' title='bbox 1621 1963 1788 2022; x_wconf 82' lang='lat' dir='ltr'><strong>visceribus</strong></span> <span class='ocrx_word' id='word_1_206' title='bbox 1817 1961 1957 2020; x_wconf 89' lang='lat' dir='ltr'><strong>commoti</strong></span> <span class='ocrx_word' id='word_1_207' title='bbox 1983 1961 2093 2036; x_wconf 86' lang='lat' dir='ltr'><strong>gaudio</strong></span> <span class='ocrx_word' id='word_1_208' title='bbox 2121 1961 2281 2020; x_wconf 90' lang='lat' dir='ltr'><strong>immensas</strong></span> <span class='ocrx_word' id='word_1_209' title='bbox 2302 1959 2366 2018; x_wconf 90' lang='lat' dir='ltr'><strong>Deo</strong></span> 
     </span>
     <span class='ocr_line' id='line_1_23' title="bbox 876 2037 2367 2118; baseline -0.003 -18"><span class='ocrx_word' id='word_1_210' title='bbox 876 2043 992 2118; x_wconf 87' lang='lat' dir='ltr'><strong>gratias</strong></span> <span class='ocrx_word' id='word_1_211' title='bbox 1013 2041 1143 2118; x_wconf 90' lang='lat' dir='ltr'><strong>egimus,</strong></span> <span class='ocrx_word' id='word_1_212' title='bbox 1173 2043 1260 2118; x_wconf 87' lang='lat' dir='ltr'><strong>eujus</strong></span> <span class='ocrx_word' id='word_1_213' title='bbox 1289 2043 1440 2118; x_wconf 84' lang='lat' dir='ltr'><strong>aspirante</strong></span> <span class='ocrx_word' id='word_1_214' title='bbox 1467 2041 1591 2100; x_wconf 89' lang='lat' dir='ltr'><strong>numine</strong></span> <span class='ocrx_word' id='word_1_215' title='bbox 1610 2037 1716 2100; x_wconf 79' lang='lat' dir='ltr'><strong>Noitri</strong></span> <span class='ocrx_word' id='word_1_216' title='bbox 1735 2039 1934 2100; x_wconf 84' lang='lat' dir='ltr'><strong>Pontificatus</strong></span> <span class='ocrx_word' id='word_1_217' title='bbox 1962 2043 2098 2116; x_wconf 87' lang='lat' dir='ltr'><strong>tempore</strong></span> <span class='ocrx_word' id='word_1_218' title='bbox 2129 2041 2257 2098; x_wconf 86' lang='lat' dir='ltr'><strong>extremi</strong></span> <span class='ocrx_word' id='word_1_219' title='bbox 2285 2039 2367 2098; x_wconf 90' lang='lat' dir='ltr'><strong>orbis</strong></span> 
     </span>
     <span class='ocr_line' id='line_1_24' title="bbox 876 2117 2366 2196; baseline -0.003 -18"><span class='ocrx_word' id='word_1_220' title='bbox 876 2127 1027 2178; x_wconf 87' lang='lat' dir='ltr'><strong>terrarum</strong></span> <span class='ocrx_word' id='word_1_221' title='bbox 1050 2137 1145 2196; x_wconf 89' lang='lat' dir='ltr'><strong>reges,</strong></span> <span class='ocrx_word' id='word_1_222' title='bbox 1167 2125 1273 2196; x_wconf 87' lang='lat' dir='ltr'><strong>gentes</strong></span> <span class='ocrx_word' id='word_1_223' title='bbox 1295 2125 1326 2178; x_wconf 91' lang='grc'><strong>01</strong></span> <span class='ocrx_word' id='word_1_224' title='bbox 1345 2121 1496 2180; x_wconf 88' lang='lat' dir='ltr'><strong>innumeri</strong></span> <span class='ocrx_word' id='word_1_225' title='bbox 1516 2121 1620 2196; x_wconf 87' lang='lat' dir='ltr'><strong>populi</strong></span> <span class='ocrx_word' id='word_1_226' title='bbox 1642 2123 1839 2194; x_wconf 88' lang='lat' dir='ltr'><strong>agnoscentes</strong></span> <span class='ocrx_word' id='word_1_227' title='bbox 1861 2119 1958 2194; x_wconf 90' lang='lat' dir='ltr'><strong>ipsum</strong></span> <span class='ocrx_word' id='word_1_228' title='bbox 1976 2119 2070 2176; x_wconf 90' lang='lat' dir='ltr'><strong>Deum</strong></span> <span class='ocrx_word' id='word_1_229' title='bbox 2091 2119 2258 2194; x_wconf 89' lang='lat' dir='ltr'><strong>praebeant</strong></span> <span class='ocrx_word' id='word_1_230' title='bbox 2271 2117 2366 2176; x_wconf 90' lang='lat' dir='ltr'><strong>Nobis</strong></span> 
     </span>
     <span class='ocr_line' id='line_1_25' title="bbox 877 2195 2368 2274; baseline -0.003 -18"><span class='ocrx_word' id='word_1_231' title='bbox 877 2199 1065 2258; x_wconf 87' lang='lat' dir='ltr'><strong>occasionem</strong></span> <span class='ocrx_word' id='word_1_232' title='bbox 1087 2197 1287 2274; x_wconf 84' lang='lat' dir='ltr'><strong>recuperandi</strong></span> <span class='ocrx_word' id='word_1_233' title='bbox 1308 2205 1441 2258; x_wconf 87' lang='lat' dir='ltr'><strong>sanctam</strong></span> <span class='ocrx_word' id='word_1_234' title='bbox 1458 2199 1611 2258; x_wconf 83' lang='lat' dir='ltr'><strong>civitatem</strong></span> <span class='ocrx_word' id='word_1_235' title='bbox 1625 2199 1816 2256; x_wconf 89' lang='lat' dir='ltr'><strong>Hierusalem</strong></span> <span class='ocrx_word' id='word_1_236' title='bbox 1838 2203 1868 2256; x_wconf 92' lang='lat' dir='ltr'><strong>et</strong></span> <span class='ocrx_word' id='word_1_237' title='bbox 1888 2197 1996 2270; x_wconf 90' lang='lat' dir='ltr'><strong>locum,</strong></span> <span class='ocrx_word' id='word_1_238' title='bbox 2018 2197 2047 2254; x_wconf 89' lang='lat' dir='ltr'><strong>in</strong></span> <span class='ocrx_word' id='word_1_239' title='bbox 2071 2215 2130 2272; x_wconf 93' lang='lat' dir='ltr'><strong>quo</strong></span> <span class='ocrx_word' id='word_1_240' title='bbox 2151 2215 2241 2274; x_wconf 86' lang='lat' dir='ltr'><strong>super</strong></span> <span class='ocrx_word' id='word_1_241' title='bbox 2263 2195 2368 2254; x_wconf 88' lang='lat' dir='ltr'><strong>saluti·</strong></span> 
     </span>
     <span class='ocr_line' id='line_1_26' title="bbox 877 2273 2365 2354; baseline -0.003 -20"><span class='ocrx_word' id='word_1_242' title='bbox 877 2279 960 2336; x_wconf 83' lang='lat' dir='ltr'><strong>ferae</strong></span> <span class='ocrx_word' id='word_1_243' title='bbox 982 2277 1079 2336; x_wconf 91' lang='lat' dir='ltr'><strong>crucis</strong></span> <span class='ocrx_word' id='word_1_244' title='bbox 1100 2277 1181 2352; x_wconf 90' lang='lat' dir='ltr'><strong>ligno</strong></span> <span class='ocrx_word' id='word_1_245' title='bbox 1204 2277 1343 2336; x_wconf 75' lang='lat' dir='ltr'><strong>Christus</strong></span> <span class='ocrx_word' id='word_1_246' title='bbox 1363 2295 1416 2354; x_wconf 89' lang='lat' dir='ltr'><strong>pro</strong></span> <span class='ocrx_word' id='word_1_247' title='bbox 1439 2277 1572 2336; x_wconf 90' lang='lat' dir='ltr'><strong>omnium</strong></span> <span class='ocrx_word' id='word_1_248' title='bbox 1595 2277 1692 2336; x_wconf 91' lang='lat' dir='ltr'><strong>salute</strong></span> <span class='ocrx_word' id='word_1_249' title='bbox 1713 2277 1866 2354; x_wconf 89' lang='lat' dir='ltr'><strong>pependit,</strong></span> <span class='ocrx_word' id='word_1_250' title='bbox 1889 2275 2072 2352; x_wconf 86' lang='lat' dir='ltr'><strong>cupiantque</strong></span> <span class='ocrx_word' id='word_1_251' title='bbox 2092 2275 2176 2332; x_wconf 87' lang='lat' dir='ltr'><strong>Rom.</strong></span> <span class='ocrx_word' id='word_1_252' title='bbox 2199 2273 2365 2334; x_wconf 82' lang='lat' dir='ltr'><strong>Ecclesiam</strong></span> 
     </span>
     <span class='ocr_line' id='line_1_27' title="bbox 877 2353 2367 2430; baseline -0.003 -14"><span class='ocrx_word' id='word_1_253' title='bbox 877 2357 935 2416; x_wconf 93' lang='lat' dir='ltr'><strong>rite</strong></span> <span class='ocrx_word' id='word_1_254' title='bbox 956 2359 1056 2418; x_wconf 93' lang='lat' dir='ltr'><strong>colere</strong></span> <span class='ocrx_word' id='word_1_255' title='bbox 1077 2361 1116 2430; x_wconf 92' lang='lat' dir='ltr'><strong>et,</strong></span> <span class='ocrx_word' id='word_1_256' title='bbox 1139 2361 1174 2416; x_wconf 90' lang='lat' dir='ltr'><strong>ut</strong></span> <span class='ocrx_word' id='word_1_257' title='bbox 1196 2359 1290 2430; x_wconf 87' lang='lat' dir='ltr'><strong>decet,</strong></span> <span class='ocrx_word' id='word_1_258' title='bbox 1319 2357 1457 2416; x_wconf 84' lang='lat' dir='ltr'><strong>venerari</strong></span> <span class='ocrx_word' id='word_1_259' title='bbox 1479 2359 1509 2414; x_wconf 92' lang='lat' dir='ltr'><strong>et</strong></span> <span class='ocrx_word' id='word_1_260' title='bbox 1530 2355 1624 2414; x_wconf 89' lang='lat' dir='ltr'><strong>Nobis</strong></span> <span class='ocrx_word' id='word_1_261' title='bbox 1654 2355 1769 2430; x_wconf 90' lang='lat' dir='ltr'><strong>tibique</strong></span> <span class='ocrx_word' id='word_1_262' title='bbox 1790 2355 1869 2414; x_wconf 90' lang='lat' dir='ltr'><strong>ultro</strong></span> <span class='ocrx_word' id='word_1_263' title='bbox 1896 2355 1974 2412; x_wconf 86' lang='lat' dir='ltr'><strong>vires</strong></span> <span class='ocrx_word' id='word_1_264' title='bbox 1997 2359 2026 2412; x_wconf 92' lang='lat' dir='ltr'><strong>et</strong></span> <span class='ocrx_word' id='word_1_265' title='bbox 2054 2373 2124 2412; x_wconf 88' lang='lat' dir='ltr'><strong>suas</strong></span> <span class='ocrx_word' id='word_1_266' title='bbox 2145 2373 2217 2430; x_wconf 90' lang='lat' dir='ltr'><strong>opes</strong></span> <span class='ocrx_word' id='word_1_267' title='bbox 2238 2353 2367 2412; x_wconf 84' lang='lat' dir='ltr'><strong>offerant</strong></span> 
     </span>
     <span class='ocr_line' id='line_1_28' title="bbox 877 2431 2366 2512; baseline -0.003 -18"><span class='ocrx_word' id='word_1_268' title='bbox 877 2439 908 2494; x_wconf 92' lang='lat' dir='ltr'><strong>et</strong></span> <span class='ocrx_word' id='word_1_269' title='bbox 928 2437 1129 2510; x_wconf 82' lang='lat' dir='ltr'><strong>polliceantur</strong></span> <span class='ocrx_word' id='word_1_270' title='bbox 1150 2437 1188 2494; x_wconf 90' lang='lat' dir='ltr'><strong>ad</strong></span> <span class='ocrx_word' id='word_1_271' title='bbox 1208 2435 1372 2494; x_wconf 88' lang='lat' dir='ltr'><strong>infidelium</strong></span> <span class='ocrx_word' id='word_1_272' title='bbox 1396 2437 1692 2512; x_wconf 65' lang='lat' dir='ltr'><strong>exterminationem</strong></span> <span class='ocrx_word' id='word_1_273' title='bbox 1714 2439 1744 2492; x_wconf 92' lang='grc'><strong>01</strong></span> <span class='ocrx_word' id='word_1_274' title='bbox 1763 2435 1925 2510; x_wconf 90' lang='lat' dir='ltr'><strong>praecipue</strong></span> <span class='ocrx_word' id='word_1_275' title='bbox 1947 2433 2039 2492; x_wconf 90' lang='lat' dir='ltr'><strong>ductu</strong></span> <span class='ocrx_word' id='word_1_276' title='bbox 2062 2439 2091 2492; x_wconf 87' lang='lat' dir='ltr'><strong>et</strong></span> <span class='ocrx_word' id='word_1_277' title='bbox 2113 2433 2253 2508; x_wconf 90' lang='lat' dir='ltr'><strong>auspiciis</strong></span> <span class='ocrx_word' id='word_1_278' title='bbox 2275 2431 2366 2506; x_wconf 90' lang='lat' dir='ltr'><strong>maje-</strong></span> 
     </span>
     <span class='ocr_line' id='line_1_29' title="bbox 878 2511 2364 2590; baseline -0.004 -16"><span class='ocrx_word' id='word_1_279' title='bbox 878 2515 965 2574; x_wconf 89' lang='lat' dir='ltr'><strong>statis</strong></span> <span class='ocrx_word' id='word_1_280' title='bbox 986 2521 1068 2586; x_wconf 91' lang='lat' dir='ltr'><strong>tuae,</strong></span> <span class='ocrx_word' id='word_1_281' title='bbox 1091 2535 1179 2590; x_wconf 92' lang='lat' dir='ltr'><strong>quam</strong></span> <span class='ocrx_word' id='word_1_282' title='bbox 1202 2517 1239 2574; x_wconf 94' lang='lat' dir='ltr'><strong>ob</strong></span> <span class='ocrx_word' id='word_1_283' title='bbox 1262 2515 1328 2590; x_wconf 89' lang='lat' dir='ltr'><strong>ejus</strong></span> <span class='ocrx_word' id='word_1_284' title='bbox 1349 2515 1494 2588; x_wconf 88' lang='lat' dir='ltr'><strong>pietatem</strong></span> <span class='ocrx_word' id='word_1_285' title='bbox 1517 2517 1548 2572; x_wconf 91' lang='lat' dir='ltr'><strong>et</strong></span> <span class='ocrx_word' id='word_1_286' title='bbox 1567 2513 1598 2574; x_wconf 90' lang='lat' dir='ltr'><strong>in</strong></span> <span class='ocrx_word' id='word_1_287' title='bbox 1619 2513 1675 2588; x_wconf 85' lang='lat' dir='ltr'><strong>Ap.</strong></span> <span class='ocrx_word' id='word_1_288' title='bbox 1699 2513 1804 2572; x_wconf 79' lang='lat' dir='ltr'><strong>Scdem</strong></span> <span class='ocrx_word' id='word_1_289' title='bbox 1827 2513 2034 2586; x_wconf 83' lang='lat' dir='ltr'><strong>devotionem,</strong></span> <span class='ocrx_word' id='word_1_290' title='bbox 2057 2529 2158 2568; x_wconf 90' lang='lat' dir='ltr'><strong>curam</strong></span> <span class='ocrx_word' id='word_1_291' title='bbox 2181 2515 2210 2570; x_wconf 90' lang='lat' dir='ltr'><strong>et</strong></span> <span class='ocrx_word' id='word_1_292' title='bbox 2232 2511 2364 2568; x_wconf 85' lang='lat' dir='ltr'><strong>studium</strong></span> 
     </span>
     <span class='ocr_line' id='line_1_30' title="bbox 876 2589 2366 2670; baseline -0.003 -20"><span class='ocrx_word' id='word_1_293' title='bbox 876 2595 970 2670; x_wconf 89' lang='lat' dir='ltr'><strong>ipsius</strong></span> <span class='ocrx_word' id='word_1_294' title='bbox 991 2593 1060 2652; x_wconf 91' lang='lat' dir='ltr'><strong>fidei</strong></span> <span class='ocrx_word' id='word_1_295' title='bbox 1080 2593 1294 2668; x_wconf 90' lang='lat' dir='ltr'><strong>propagandae</strong></span> <span class='ocrx_word' id='word_1_296' title='bbox 1315 2597 1441 2670; x_wconf 84' lang='lat' dir='ltr'><strong>paterna</strong></span> <span class='ocrx_word' id='word_1_297' title='bbox 1463 2591 1611 2650; x_wconf 90' lang='lat' dir='ltr'><strong>charitate</strong></span> <span class='ocrx_word' id='word_1_298' title='bbox 1630 2591 1851 2668; x_wconf 86' lang='lat' dir='ltr'><strong>prosequimur,</strong></span> <span class='ocrx_word' id='word_1_299' title='bbox 1874 2607 1951 2664; x_wconf 93' lang='lat' dir='ltr'><strong>quae</strong></span> <span class='ocrx_word' id='word_1_300' title='bbox 1973 2607 2039 2646; x_wconf 91' lang='lat' dir='ltr'><strong>eum</strong></span> <span class='ocrx_word' id='word_1_301' title='bbox 2061 2591 2121 2646; x_wconf 89' lang='lat' dir='ltr'><strong>sint</strong></span> <span class='ocrx_word' id='word_1_302' title='bbox 2142 2589 2308 2664; x_wconf 86' lang='lat' dir='ltr'><strong>ejusmodi,</strong></span> <span class='ocrx_word' id='word_1_303' title='bbox 2330 2591 2366 2646; x_wconf 94' lang='lat' dir='ltr'><strong>ut</strong></span> 
     </span>
     <span class='ocr_line' id='line_1_31' title="bbox 877 2667 2367 2746; baseline -0.004 -16"><span class='ocrx_word' id='word_1_304' title='bbox 877 2691 914 2730; x_wconf 90' lang='lat' dir='ltr'><strong>ne</strong></span> <span class='ocrx_word' id='word_1_305' title='bbox 935 2673 1052 2746; x_wconf 88' lang='lat' dir='ltr'><strong>majora</strong></span> <span class='ocrx_word' id='word_1_306' title='bbox 1073 2671 1194 2746; x_wconf 92' lang='lat' dir='ltr'><strong>quidem</strong></span> <span class='ocrx_word' id='word_1_307' title='bbox 1222 2671 1326 2730; x_wconf 88' lang='lat' dir='ltr'><strong>diebus</strong></span> <span class='ocrx_word' id='word_1_308' title='bbox 1354 2673 1466 2728; x_wconf 88' lang='lat' dir='ltr'><strong>nostris</strong></span> <span class='ocrx_word' id='word_1_309' title='bbox 1495 2671 1666 2728; x_wconf 91' lang='lat' dir='ltr'><strong>desiderare</strong></span> <span class='ocrx_word' id='word_1_310' title='bbox 1693 2671 1890 2744; x_wconf 88' lang='lat' dir='ltr'><strong>potuerimus,</strong></span> <span class='ocrx_word' id='word_1_311' title='bbox 1919 2671 1950 2724; x_wconf 91' lang='lat' dir='ltr'><strong>ct</strong></span> <span class='ocrx_word' id='word_1_312' title='bbox 1971 2687 1988 2724; x_wconf 90' lang='lat' dir='ltr'><strong>a</strong></span> <span class='ocrx_word' id='word_1_313' title='bbox 2009 2667 2073 2726; x_wconf 90' lang='lat' dir='ltr'><strong>Deo</strong></span> <span class='ocrx_word' id='word_1_314' title='bbox 2100 2685 2171 2726; x_wconf 81' lang='lat' dir='ltr'><strong>vere</strong></span> <span class='ocrx_word' id='word_1_315' title='bbox 2201 2667 2367 2742; x_wconf 86' lang='lat' dir='ltr'><strong>procedant</strong></span> 
     </span>
     <span class='ocr_line' id='line_1_32' title="bbox 878 2745 2367 2822; baseline -0.005 -14"><span class='ocrx_word' id='word_1_316' title='bbox 878 2751 1010 2808; x_wconf 91' lang='lat' dir='ltr'><strong>omnium</strong></span> <span class='ocrx_word' id='word_1_317' title='bbox 1031 2751 1180 2808; x_wconf 91' lang='lat' dir='ltr'><strong>bonorum</strong></span> <span class='ocrx_word' id='word_1_318' title='bbox 1202 2767 1326 2822; x_wconf 91' lang='lat' dir='ltr'><strong>operum</strong></span> <span class='ocrx_word' id='word_1_319' title='bbox 1349 2749 1473 2822; x_wconf 86' lang='lat' dir='ltr'><strong>datore,</strong></span> <span class='ocrx_word' id='word_1_320' title='bbox 1496 2747 1596 2806; x_wconf 89' lang='lat' dir='ltr'><strong>omnia</strong></span> <span class='ocrx_word' id='word_1_321' title='bbox 1615 2747 1696 2804; x_wconf 91' lang='lat' dir='ltr'><strong>illius</strong></span> <span class='ocrx_word' id='word_1_322' title='bbox 1718 2747 1808 2820; x_wconf 86' lang='lat' dir='ltr'><strong>Regis</strong></span> <span class='ocrx_word' id='word_1_323' title='bbox 1831 2749 1860 2804; x_wconf 92' lang='lat' dir='ltr'><strong>et</strong></span> <span class='ocrx_word' id='word_1_324' title='bbox 1880 2745 2077 2804; x_wconf 85' lang='lat' dir='ltr'><strong>Patriarclrae</strong></span> <span class='ocrx_word' id='word_1_325' title='bbox 2099 2747 2148 2822; x_wconf 92' lang='lat' dir='ltr'><strong>pia</strong></span> <span class='ocrx_word' id='word_1_326' title='bbox 2165 2745 2313 2804; x_wconf 88' lang='lat' dir='ltr'><strong>desideria</strong></span> <span class='ocrx_word' id='word_1_327' title='bbox 2336 2749 2367 2802; x_wconf 89' lang='lat' dir='ltr'><strong>et</strong></span> 
     </span>
     <span class='ocr_line' id='line_1_33' title="bbox 877 2821 2368 2904; baseline -0.004 -18"><span class='ocrx_word' id='word_1_328' title='bbox 877 2829 1038 2904; x_wconf 87' lang='lat' dir='ltr'><strong>petitiones</strong></span> <span class='ocrx_word' id='word_1_329' title='bbox 1059 2845 1113 2902; x_wconf 91' lang='lat' dir='ltr'><strong>pro</strong></span> <span class='ocrx_word' id='word_1_330' title='bbox 1133 2827 1249 2886; x_wconf 90' lang='lat' dir='ltr'><strong>honore</strong></span> <span class='ocrx_word' id='word_1_331' title='bbox 1269 2825 1362 2902; x_wconf 84' lang='lat' dir='ltr'><strong>hujus</strong></span> <span class='ocrx_word' id='word_1_332' title='bbox 1383 2827 1412 2886; x_wconf 80' lang='lat' dir='ltr'><strong>S.</strong></span> <span class='ocrx_word' id='word_1_333' title='bbox 1433 2827 1528 2900; x_wconf 78' lang='lat' dir='ltr'><strong>Sedis,</strong></span> <span class='ocrx_word' id='word_1_334' title='bbox 1551 2833 1695 2904; x_wconf 90' lang='lat' dir='ltr'><strong>quantum</strong></span> <span class='ocrx_word' id='word_1_335' title='bbox 1716 2827 1884 2900; x_wconf 85' lang='lat' dir='ltr'><strong>poterimus</strong></span> <span class='ocrx_word' id='word_1_336' title='bbox 1904 2825 1934 2882; x_wconf 91' lang='lat' dir='ltr'><strong>in</strong></span> <span class='ocrx_word' id='word_1_337' title='bbox 1956 2825 2101 2898; x_wconf 91' lang='lat' dir='ltr'><strong>Domino,</strong></span> <span class='ocrx_word' id='word_1_338' title='bbox 2131 2823 2274 2882; x_wconf 88' lang='lat' dir='ltr'><strong>exaudire</strong></span> <span class='ocrx_word' id='word_1_339' title='bbox 2295 2821 2368 2880; x_wconf 87' lang='lat' dir='ltr'><strong>illis-</strong></span> 
     </span>
     <span class='ocr_line' id='line_1_34' title="bbox 879 2901 2367 2984; baseline -0.005 -20"><span class='ocrx_word' id='word_1_340' title='bbox 879 2925 938 2984; x_wconf 93' lang='lat' dir='ltr'><strong>que</strong></span> <span class='ocrx_word' id='word_1_341' title='bbox 958 2907 1047 2982; x_wconf 82' lang='grc'><strong>01000</strong></span> <span class='ocrx_word' id='word_1_342' title='bbox 1069 2925 1203 2964; x_wconf 88' lang='lat' dir='ltr'><strong>annuere</strong></span> <span class='ocrx_word' id='word_1_343' title='bbox 1223 2907 1422 2982; x_wconf 90' lang='lat' dir='ltr'><strong>intendimus,</strong></span> <span class='ocrx_word' id='word_1_344' title='bbox 1445 2923 1504 2982; x_wconf 94' lang='lat' dir='ltr'><strong>quo</strong></span> <span class='ocrx_word' id='word_1_345' title='bbox 1527 2923 1599 2962; x_wconf 88' lang='lat' dir='ltr'><strong>saue</strong></span> <span class='ocrx_word' id='word_1_346' title='bbox 1621 2905 1785 2962; x_wconf 84' lang='lat' dir='ltr'><strong>christiana</strong></span> <span class='ocrx_word' id='word_1_347' title='bbox 1805 2903 1977 2980; x_wconf 89' lang='lat' dir='ltr'><strong>respublica</strong></span> <span class='ocrx_word' id='word_1_348' title='bbox 1998 2903 2052 2960; x_wconf 91' lang='lat' dir='ltr'><strong>sub</strong></span> <span class='ocrx_word' id='word_1_349' title='bbox 2074 2921 2134 2972; x_wconf 91' lang='lat' dir='ltr'><strong>uno</strong></span> <span class='ocrx_word' id='word_1_350' title='bbox 2155 2903 2225 2962; x_wconf 86' lang='lat' dir='ltr'><strong>fidei</strong></span> <span class='ocrx_word' id='word_1_351' title='bbox 2245 2901 2367 2976; x_wconf 82' lang='lat' dir='ltr'><strong>vexillo,</strong></span> 
     </span>
     <span class='ocr_line' id='line_1_35' title="bbox 878 2981 2403 3060; baseline -0.001 -18"><span class='ocrx_word' id='word_1_352' title='bbox 878 3003 938 3042; x_wconf 92' lang='lat' dir='ltr'><strong>uno</strong></span> <span class='ocrx_word' id='word_1_353' title='bbox 968 2985 1148 3060; x_wconf 87' lang='lat' dir='ltr'><strong>baptismate</strong></span> <span class='ocrx_word' id='word_1_354' title='bbox 1175 3003 1297 3060; x_wconf 88' lang='lat' dir='ltr'><strong>unoque</strong></span> <span class='ocrx_word' id='word_1_355' title='bbox 1327 2985 1389 3042; x_wconf 90' lang='lat' dir='ltr'><strong>Deo</strong></span> <span class='ocrx_word' id='word_1_356' title='bbox 1417 2983 1580 3060; x_wconf 89' lang='lat' dir='ltr'><strong>plurimum</strong></span> <span class='ocrx_word' id='word_1_357' title='bbox 1609 2983 1801 3042; x_wconf 84' lang='lat' dir='ltr'><strong>exaltabitur.</strong></span> <span class='ocrx_word' id='word_1_358' title='bbox 1840 2983 1953 3042; x_wconf 85' lang='lat' dir='ltr'><strong>Verum</strong></span> <span class='ocrx_word' id='word_1_359' title='bbox 1977 2981 2212 3054; x_wconf 87' lang='lat' dir='ltr'><strong>considerantes,</strong></span> <span class='ocrx_word' id='word_1_360' title='bbox 2243 2981 2367 3040; x_wconf 89' lang='lat' dir='ltr'><strong>circum·</strong></span> <span class='ocrx_word' id='word_1_361' title='bbox 2399 3025 2403 3040; x_wconf 75' lang='lat'><strong>.</strong></span> 
     </span>
     <span class='ocr_line' id='line_1_36' title="bbox 878 3059 2367 3138; baseline -0.005 -16"><span class='ocrx_word' id='word_1_362' title='bbox 878 3065 1035 3138; x_wconf 89' lang='lat' dir='ltr'><strong>cisionem,</strong></span> <span class='ocrx_word' id='word_1_363' title='bbox 1058 3081 1148 3138; x_wconf 90' lang='lat' dir='ltr'><strong>quam</strong></span> <span class='ocrx_word' id='word_1_364' title='bbox 1170 3063 1268 3120; x_wconf 90' lang='lat' dir='ltr'><strong>adhue</strong></span> <span class='ocrx_word' id='word_1_365' title='bbox 1289 3067 1428 3136; x_wconf 84' lang='lat' dir='ltr'><strong>servant,</strong></span> <span class='ocrx_word' id='word_1_366' title='bbox 1451 3063 1640 3134; x_wconf 90' lang='lat' dir='ltr'><strong>baptismatis</strong></span> <span class='ocrx_word' id='word_1_367' title='bbox 1661 3063 1851 3136; x_wconf 84' lang='lat' dir='ltr'><strong>institutione</strong></span> <span class='ocrx_word' id='word_1_368' title='bbox 1872 3061 2037 3132; x_wconf 88' lang='lat' dir='ltr'><strong>sublatam,</strong></span> <span class='ocrx_word' id='word_1_369' title='bbox 2060 3059 2265 3118; x_wconf 89' lang='lat' dir='ltr'><strong>desideramus</strong></span> <span class='ocrx_word' id='word_1_370' title='bbox 2287 3059 2367 3132; x_wconf 90' lang='lat' dir='ltr'><strong>apud</strong></span> 
     </span>
     <span class='ocr_line' id='line_1_37' title="bbox 879 3137 2367 3216; baseline -0.006 -16"><span class='ocrx_word' id='word_1_371' title='bbox 879 3161 945 3216; x_wconf 91' lang='lat' dir='ltr'><strong>eos,</strong></span> <span class='ocrx_word' id='word_1_372' title='bbox 968 3143 1077 3216; x_wconf 87' lang='lat' dir='ltr'><strong>quibus</strong></span> <span class='ocrx_word' id='word_1_373' title='bbox 1100 3141 1222 3216; x_wconf 86' lang='lat' dir='ltr'><strong>provide</strong></span> <span class='ocrx_word' id='word_1_374' title='bbox 1238 3141 1377 3198; x_wconf 84' lang='lat' dir='ltr'><strong>duximus</strong></span> <span class='ocrx_word' id='word_1_375' title='bbox 1392 3141 1620 3212; x_wconf 91' lang='lat' dir='ltr'><strong>consulendum,</strong></span> <span class='ocrx_word' id='word_1_376' title='bbox 1643 3141 1680 3198; x_wconf 87' lang='lat' dir='ltr'><strong>ad</strong></span> <span class='ocrx_word' id='word_1_377' title='bbox 1695 3141 1860 3198; x_wconf 88' lang='lat' dir='ltr'><strong>animarum</strong></span> <span class='ocrx_word' id='word_1_378' title='bbox 1877 3139 2043 3212; x_wconf 89' lang='lat' dir='ltr'><strong>perieulum</strong></span> <span class='ocrx_word' id='word_1_379' title='bbox 2060 3137 2232 3196; x_wconf 84' lang='lat' dir='ltr'><strong>evitandum</strong></span> <span class='ocrx_word' id='word_1_380' title='bbox 2247 3137 2367 3212; x_wconf 90' lang='lat' dir='ltr'><strong>penitus</strong></span> 
     </span>
     <span class='ocr_line' id='line_1_38' title="bbox 878 3217 2367 3294; baseline -0.003 -18"><span class='ocrx_word' id='word_1_381' title='bbox 878 3221 1002 3278; x_wconf 91' lang='lat' dir='ltr'><strong>aboleri.</strong></span> <span class='ocrx_word' id='word_1_382' title='bbox 1038 3219 1186 3286; x_wconf 79' lang='lat' dir='ltr'><strong>Quocirca</strong></span> <span class='ocrx_word' id='word_1_383' title='bbox 1201 3219 1392 3294; x_wconf 87' lang='lat' dir='ltr'><strong>majestatem</strong></span> <span class='ocrx_word' id='word_1_384' title='bbox 1407 3223 1489 3276; x_wconf 89' lang='lat' dir='ltr'><strong>tuam</strong></span> <span class='ocrx_word' id='word_1_385' title='bbox 1511 3219 1542 3276; x_wconf 92' lang='lat' dir='ltr'><strong>in</strong></span> <span class='ocrx_word' id='word_1_386' title='bbox 1556 3219 1684 3276; x_wconf 90' lang='lat' dir='ltr'><strong>Domino</strong></span> <span class='ocrx_word' id='word_1_387' title='bbox 1706 3237 1846 3292; x_wconf 89' lang='lat' dir='ltr'><strong>rogamus</strong></span> <span class='ocrx_word' id='word_1_388' title='bbox 1868 3219 1898 3274; x_wconf 91' lang='lat' dir='ltr'><strong>et</strong></span> <span class='ocrx_word' id='word_1_389' title='bbox 1912 3217 2079 3286; x_wconf 89' lang='lat' dir='ltr'><strong>hortamur,</strong></span> <span class='ocrx_word' id='word_1_390' title='bbox 2099 3235 2138 3274; x_wconf 91' lang='lat' dir='ltr'><strong>ne</strong></span> <span class='ocrx_word' id='word_1_391' title='bbox 2153 3219 2214 3274; x_wconf 91' lang='lat' dir='ltr'><strong>tam</strong></span> <span class='ocrx_word' id='word_1_392' title='bbox 2229 3219 2367 3272; x_wconf 89' lang='lat' dir='ltr'><strong>sanctum</strong></span> 
     </span>
     <span class='ocr_line' id='line_1_39' title="bbox 879 3295 2366 3372; baseline -0.004 -16"><span class='ocrx_word' id='word_1_393' title='bbox 879 3303 909 3358; x_wconf 92' lang='lat' dir='ltr'><strong>et</strong></span> <span class='ocrx_word' id='word_1_394' title='bbox 929 3297 1080 3358; x_wconf 91' lang='lat' dir='ltr'><strong>laudabile</strong></span> <span class='ocrx_word' id='word_1_395' title='bbox 1102 3315 1176 3372; x_wconf 88' lang='lat' dir='ltr'><strong>epus</strong></span> <span class='ocrx_word' id='word_1_396' title='bbox 1205 3297 1357 3372; x_wconf 89' lang='lat' dir='ltr'><strong>negligere</strong></span> <span class='ocrx_word' id='word_1_397' title='bbox 1378 3297 1551 3370; x_wconf 87' lang='lat' dir='ltr'><strong>videamur,</strong></span> <span class='ocrx_word' id='word_1_398' title='bbox 1581 3301 1615 3354; x_wconf 90' lang='lat' dir='ltr'><strong>ut</strong></span> <span class='ocrx_word' id='word_1_399' title='bbox 1641 3297 1753 3355; x_wconf 90' lang='lat' dir='ltr'><strong>dietum</strong></span> <span class='ocrx_word' id='word_1_400' title='bbox 1779 3295 1919 3354; x_wconf 89' lang='lat' dir='ltr'><strong>nuntium</strong></span> <span class='ocrx_word' id='word_1_401' title='bbox 1946 3295 1977 3352; x_wconf 88' lang='lat' dir='ltr'><strong>in</strong></span> <span class='ocrx_word' id='word_1_402' title='bbox 2006 3295 2132 3372; x_wconf 86' lang='lat' dir='ltr'><strong>singulis</strong></span> <span class='ocrx_word' id='word_1_403' title='bbox 2159 3295 2310 3352; x_wconf 90' lang='lat' dir='ltr'><strong>instruere</strong></span> <span class='ocrx_word' id='word_1_404' title='bbox 2331 3311 2366 3350; x_wconf 88' lang='lat' dir='ltr'><strong>ac</strong></span> 
     </span>
     <span class='ocr_line' id='line_1_40' title="bbox 878 3373 2366 3450; baseline -0.006 -14"><span class='ocrx_word' id='word_1_405' title='bbox 878 3379 968 3436; x_wconf 91' lang='lat' dir='ltr'><strong>etiam</strong></span> <span class='ocrx_word' id='word_1_406' title='bbox 978 3377 1090 3436; x_wconf 94' lang='lat' dir='ltr'><strong>Nostro</strong></span> <span class='ocrx_word' id='word_1_407' title='bbox 1106 3375 1226 3434; x_wconf 89' lang='lat' dir='ltr'><strong>nomine</strong></span> <span class='ocrx_word' id='word_1_408' title='bbox 1239 3377 1357 3434; x_wconf 88' lang='lat' dir='ltr'><strong>hortari</strong></span> <span class='ocrx_word' id='word_1_409' title='bbox 1370 3375 1450 3450; x_wconf 88' lang='lat' dir='ltr'><strong>velit,</strong></span> <span class='ocrx_word' id='word_1_410' title='bbox 1469 3375 1548 3450; x_wconf 91' lang='lat' dir='ltr'><strong>quod</strong></span> <span class='ocrx_word' id='word_1_411' title='bbox 1558 3375 1601 3434; x_wconf 90' lang='lat' dir='ltr'><strong>ita</strong></span> <span class='ocrx_word' id='word_1_412' title='bbox 1616 3379 1687 3450; x_wconf 89' lang='lat' dir='ltr'><strong>agat</strong></span> <span class='ocrx_word' id='word_1_413' title='bbox 1701 3375 1781 3450; x_wconf 90' lang='lat' dir='ltr'><strong>apud</strong></span> <span class='ocrx_word' id='word_1_414' title='bbox 1796 3375 1965 3450; x_wconf 86' lang='lat' dir='ltr'><strong>praedictos</strong></span> <span class='ocrx_word' id='word_1_415' title='bbox 1977 3375 2086 3448; x_wconf 92' lang='lat' dir='ltr'><strong>Regem</strong></span> <span class='ocrx_word' id='word_1_416' title='bbox 2103 3377 2133 3432; x_wconf 91' lang='lat' dir='ltr'><strong>et</strong></span> <span class='ocrx_word' id='word_1_417' title='bbox 2147 3373 2366 3446; x_wconf 86' lang='lat' dir='ltr'><strong>Patriarclram,</strong></span> 
     </span>
     <span class='ocr_line' id='line_1_41' title="bbox 877 3451 2367 3530; baseline -0.004 -16"><span class='ocrx_word' id='word_1_418' title='bbox 877 3461 912 3516; x_wconf 91' lang='lat' dir='ltr'><strong>ut</strong></span> <span class='ocrx_word' id='word_1_419' title='bbox 933 3455 1166 3516; x_wconf 89' lang='lat' dir='ltr'><strong>circumcidendi</strong></span> <span class='ocrx_word' id='word_1_420' title='bbox 1187 3457 1263 3512; x_wconf 89' lang='lat' dir='ltr'><strong>ritus</strong></span> <span class='ocrx_word' id='word_1_421' title='bbox 1285 3473 1388 3512; x_wconf 89' lang='lat' dir='ltr'><strong>eorum</strong></span> <span class='ocrx_word' id='word_1_422' title='bbox 1411 3471 1503 3530; x_wconf 91' lang='lat' dir='ltr'><strong>opera</strong></span> <span class='ocrx_word' id='word_1_423' title='bbox 1525 3459 1555 3510; x_wconf 93' lang='lat' dir='ltr'><strong>et</strong></span> <span class='ocrx_word' id='word_1_424' title='bbox 1577 3453 1758 3510; x_wconf 91' lang='lat' dir='ltr'><strong>auctoritate</strong></span> <span class='ocrx_word' id='word_1_425' title='bbox 1780 3453 1914 3524; x_wconf 87' lang='lat' dir='ltr'><strong>tollatur,</strong></span> <span class='ocrx_word' id='word_1_426' title='bbox 1947 3453 2168 3528; x_wconf 79' lang='lat' dir='ltr'><strong>abjiciuntque,</strong></span> <span class='ocrx_word' id='word_1_427' title='bbox 2198 3453 2221 3510; x_wconf 91' lang='lat' dir='ltr'><strong>si</strong></span> <span class='ocrx_word' id='word_1_428' title='bbox 2246 3453 2296 3528; x_wconf 93' lang='lat' dir='ltr'><strong>qui</strong></span> <span class='ocrx_word' id='word_1_429' title='bbox 2318 3451 2367 3508; x_wconf 90' lang='lat' dir='ltr'><strong>alii</strong></span> 
     </span>
     <span class='ocr_line' id='line_1_42' title="bbox 785 3529 2366 3608; baseline -0.004 -16"><span class='ocrx_word' id='word_1_430' title='bbox 785 3565 789 3570; x_wconf 87' lang='lat'><em>·</em></span> <span class='ocrx_word' id='word_1_431' title='bbox 878 3537 1006 3594; x_wconf 88' lang='lat' dir='ltr'><strong>forsitan</strong></span> <span class='ocrx_word' id='word_1_432' title='bbox 1027 3533 1157 3606; x_wconf 90' lang='lat' dir='ltr'><strong>fuerint,</strong></span> <span class='ocrx_word' id='word_1_433' title='bbox 1187 3551 1320 3604; x_wconf 88' lang='lat' dir='ltr'><strong>errores,</strong></span> <span class='ocrx_word' id='word_1_434' title='bbox 1349 3551 1424 3608; x_wconf 93' lang='lat' dir='ltr'><strong>quos</strong></span> <span class='ocrx_word' id='word_1_435' title='bbox 1445 3533 1535 3606; x_wconf 89' lang='lat' dir='ltr'><strong>longo</strong></span> <span class='ocrx_word' id='word_1_436' title='bbox 1564 3531 1650 3606; x_wconf 90' lang='lat' dir='ltr'><strong>quasi</strong></span> <span class='ocrx_word' id='word_1_437' title='bbox 1671 3551 1688 3588; x_wconf 91' lang='lat' dir='ltr'><strong>a</strong></span> <span class='ocrx_word' id='word_1_438' title='bbox 1709 3531 1793 3588; x_wconf 90' lang='lat' dir='ltr'><strong>Rom.</strong></span> <span class='ocrx_word' id='word_1_439' title='bbox 1814 3531 1896 3588; x_wconf 82' lang='lat' dir='ltr'><strong>Eecl.</strong></span> <span class='ocrx_word' id='word_1_440' title='bbox 1925 3529 2054 3588; x_wconf 85' lang='lat' dir='ltr'><strong>divortio</strong></span> <span class='ocrx_word' id='word_1_441' title='bbox 2076 3533 2247 3590; x_wconf 87' lang='lat' dir='ltr'><strong>contractos</strong></span> <span class='ocrx_word' id='word_1_442' title='bbox 2256 3573 2264 3604; x_wconf 85' lang='lat'><strong>,</strong></span> <span class='ocrx_word' id='word_1_443' title='bbox 2294 3547 2366 3602; x_wconf 89' lang='lat' dir='ltr'><strong>qua-</strong></span> 
     </span>
     <span class='ocr_line' id='line_1_43' title="bbox 878 3607 2367 3686; baseline -0.005 -16"><span class='ocrx_word' id='word_1_444' title='bbox 878 3617 966 3672; x_wconf 90' lang='lat' dir='ltr'><strong>tenus</strong></span> <span class='ocrx_word' id='word_1_445' title='bbox 986 3611 1173 3684; x_wconf 90' lang='lat' dir='ltr'><strong>indulgentia</strong></span> <span class='ocrx_word' id='word_1_446' title='bbox 1194 3611 1251 3686; x_wconf 83' lang='lat' dir='ltr'><strong>Ap.</strong></span> <span class='ocrx_word' id='word_1_447' title='bbox 1274 3611 1357 3668; x_wconf 81' lang='lat' dir='ltr'><strong>Sedis</strong></span> <span class='ocrx_word' id='word_1_448' title='bbox 1379 3611 1527 3686; x_wconf 88' lang='lat' dir='ltr'><strong>patietur,</strong></span> <span class='ocrx_word' id='word_1_449' title='bbox 1559 3627 1618 3684; x_wconf 94' lang='lat' dir='ltr'><strong>quo</strong></span> <span class='ocrx_word' id='word_1_450' title='bbox 1640 3627 1737 3684; x_wconf 90' lang='lat' dir='ltr'><strong>usque</strong></span> <span class='ocrx_word' id='word_1_451' title='bbox 1764 3609 1902 3666; x_wconf 82' lang='lat' dir='ltr'><strong>ueritatis</strong></span> <span class='ocrx_word' id='word_1_452' title='bbox 1929 3609 2101 3684; x_wconf 89' lang='lat' dir='ltr'><strong>capaciores</strong></span> <span class='ocrx_word' id='word_1_453' title='bbox 2122 3609 2196 3666; x_wconf 90' lang='lat' dir='ltr'><strong>fiant</strong></span> <span class='ocrx_word' id='word_1_454' title='bbox 2225 3607 2367 3680; x_wconf 81' lang='grc'><strong>0110001-</strong></span> 
     </span>
     <span class='ocr_line' id='line_1_44' title="bbox 833 3683 2367 3762; baseline -0.003 -14"><span class='ocrx_word' id='word_1_455' title='bbox 833 3693 835 3698; x_wconf 86' lang='lat'>&#39;</span> <span class='ocrx_word' id='word_1_456' title='bbox 878 3695 965 3750; x_wconf 88' lang='lat' dir='ltr'><strong>rante</strong></span> <span class='ocrx_word' id='word_1_457' title='bbox 980 3693 1044 3748; x_wconf 91' lang='lat' dir='ltr'><strong>Deo</strong></span> <span class='ocrx_word' id='word_1_458' title='bbox 1067 3689 1162 3762; x_wconf 85' lang='lat' dir='ltr'><strong>magis</strong></span> <span class='ocrx_word' id='word_1_459' title='bbox 1182 3687 1391 3748; x_wconf 89' lang='lat' dir='ltr'><strong>illuminentur</strong></span> <span class='ocrx_word' id='word_1_460' title='bbox 1411 3689 1441 3746; x_wconf 91' lang='lat' dir='ltr'><strong>in</strong></span> <span class='ocrx_word' id='word_1_461' title='bbox 1463 3687 1531 3762; x_wconf 85' lang='lat' dir='ltr'><strong>fide,</strong></span> <span class='ocrx_word' id='word_1_462' title='bbox 1553 3687 1770 3744; x_wconf 89' lang='lat' dir='ltr'><strong>tollerabimus.</strong></span> <span class='ocrx_word' id='word_1_463' title='bbox 1805 3687 1890 3744; x_wconf 81' lang='lat' dir='ltr'><strong>Tunc</strong></span> <span class='ocrx_word' id='word_1_464' title='bbox 1912 3705 1983 3744; x_wconf 82' lang='lat' dir='ltr'><strong>vero</strong></span> <span class='ocrx_word' id='word_1_465' title='bbox 2000 3687 2121 3746; x_wconf 90' lang='lat' dir='ltr'><strong>sublata</strong></span> <span class='ocrx_word' id='word_1_466' title='bbox 2141 3683 2367 3744; x_wconf 88' lang='lat' dir='ltr'><strong>circumcisione</strong></span> 
     </span>
     <span class='ocr_line' id='line_1_45' title="bbox 879 3763 2368 3844; baseline -0.004 -18"><span class='ocrx_word' id='word_1_467' title='bbox 879 3773 1026 3844; x_wconf 90' lang='lat' dir='ltr'><strong>tantoque</strong></span> <span class='ocrx_word' id='word_1_468' title='bbox 1045 3767 1103 3842; x_wconf 90' lang='lat' dir='ltr'><strong>ipsi</strong></span> <span class='ocrx_word' id='word_1_469' title='bbox 1125 3767 1187 3824; x_wconf 91' lang='lat' dir='ltr'><strong>Deo</strong></span> <span class='ocrx_word' id='word_1_470' title='bbox 1210 3765 1355 3824; x_wconf 87' lang='lat' dir='ltr'><strong>sacrificio</strong></span> <span class='ocrx_word' id='word_1_471' title='bbox 1376 3765 1494 3840; x_wconf 87' lang='lat' dir='ltr'><strong>oblato,</strong></span> <span class='ocrx_word' id='word_1_472' title='bbox 1520 3783 1581 3822; x_wconf 89' lang='grc'><strong>000</strong></span> <span class='ocrx_word' id='word_1_473' title='bbox 1602 3765 1794 3840; x_wconf 91' lang='lat' dir='ltr'><strong>aliquomodo</strong></span> <span class='ocrx_word' id='word_1_474' title='bbox 1823 3783 1945 3840; x_wconf 90' lang='lat' dir='ltr'><strong>agemus</strong></span> <span class='ocrx_word' id='word_1_475' title='bbox 1967 3765 2064 3822; x_wconf 87' lang='lat' dir='ltr'><strong>solum</strong></span> <span class='ocrx_word' id='word_1_476' title='bbox 2093 3765 2136 3822; x_wconf 91' lang='lat' dir='ltr'><strong>eis</strong></span> <span class='ocrx_word' id='word_1_477' title='bbox 2156 3765 2287 3840; x_wconf 88' lang='lat' dir='ltr'><strong>gratias,</strong></span> <span class='ocrx_word' id='word_1_478' title='bbox 2316 3763 2368 3822; x_wconf 92' lang='lat' dir='ltr'><strong>sed</strong></span> 
     </span>
     <span class='ocr_line' id='line_1_46' title="bbox 878 3843 2369 3918; baseline -0.004 -12"><span class='ocrx_word' id='word_1_479' title='bbox 878 3867 896 3906; x_wconf 84' lang='lat' dir='ltr'><strong>a</strong></span> <span class='ocrx_word' id='word_1_480' title='bbox 917 3849 1016 3906; x_wconf 87' lang='lat' dir='ltr'><strong>noxiis</strong></span> <span class='ocrx_word' id='word_1_481' title='bbox 1036 3847 1139 3904; x_wconf 91' lang='lat' dir='ltr'><strong>herbis</strong></span> <span class='ocrx_word' id='word_1_482' title='bbox 1161 3845 1308 3906; x_wconf 88' lang='lat' dir='ltr'><strong>abductos</strong></span> <span class='ocrx_word' id='word_1_483' title='bbox 1328 3845 1359 3902; x_wconf 90' lang='lat' dir='ltr'><strong>in</strong></span> <span class='ocrx_word' id='word_1_484' title='bbox 1380 3863 1493 3918; x_wconf 86' lang='lat' dir='ltr'><strong>pascua</strong></span> <span class='ocrx_word' id='word_1_485' title='bbox 1514 3843 1648 3900; x_wconf 91' lang='lat' dir='ltr'><strong>salubria</strong></span> <span class='ocrx_word' id='word_1_486' title='bbox 1670 3847 1698 3900; x_wconf 91' lang='grc'><strong>01</strong></span> <span class='ocrx_word' id='word_1_487' title='bbox 1721 3849 1858 3900; x_wconf 85' lang='lat' dir='ltr'><strong>sanctum</strong></span> <span class='ocrx_word' id='word_1_488' title='bbox 1879 3843 2001 3900; x_wconf 86' lang='lat' dir='ltr'><strong>Domini</strong></span> <span class='ocrx_word' id='word_1_489' title='bbox 2031 3843 2109 3900; x_wconf 84' lang='lat' dir='ltr'><strong>ovile</strong></span> <span class='ocrx_word' id='word_1_490' title='bbox 2129 3843 2217 3900; x_wconf 78' lang='lat' dir='ltr'><strong>uituli</strong></span> <span class='ocrx_word' id='word_1_491' title='bbox 2239 3843 2369 3918; x_wconf 85' lang='lat' dir='ltr'><strong>saginati</strong></span> 
     </span>
     <span class='ocr_line' id='line_1_47' title="bbox 812 3921 2367 4002; baseline -0.005 -18"><span class='ocrx_word' id='word_1_492' title='bbox 812 3977 817 3984; x_wconf 87' lang='lat'><strong>.</strong></span> <span class='ocrx_word' id='word_1_493' title='bbox 880 3927 1025 3998; x_wconf 84' lang='lat' dir='ltr'><strong>convivio,</strong></span> <span class='ocrx_word' id='word_1_494' title='bbox 1046 3923 1088 4002; x_wconf 91' lang='lat' dir='ltr'><strong>pii</strong></span> <span class='ocrx_word' id='word_1_495' title='bbox 1109 3943 1143 3982; x_wconf 89' lang='lat' dir='ltr'><strong>ac</strong></span> <span class='ocrx_word' id='word_1_496' title='bbox 1164 3923 1284 3982; x_wconf 91' lang='lat' dir='ltr'><strong>solliciti</strong></span> <span class='ocrx_word' id='word_1_497' title='bbox 1305 3923 1434 3998; x_wconf 89' lang='lat' dir='ltr'><strong>pastoris</strong></span> <span class='ocrx_word' id='word_1_498' title='bbox 1456 3939 1549 3996; x_wconf 92' lang='lat' dir='ltr'><strong>more,</strong></span> <span class='ocrx_word' id='word_1_499' title='bbox 1572 3921 1761 3996; x_wconf 91' lang='lat' dir='ltr'><strong>accipiemus.</strong></span> <span class='ocrx_word' id='word_1_500' title='bbox 1804 3921 1870 3990; x_wconf 82' lang='lat' dir='ltr'><strong>Quo</strong></span> <span class='ocrx_word' id='word_1_501' title='bbox 1892 3921 2001 3978; x_wconf 88' lang='lat' dir='ltr'><strong>eximia</strong></span> <span class='ocrx_word' id='word_1_502' title='bbox 2022 3927 2075 3978; x_wconf 92' lang='lat' dir='ltr'><strong>tua</strong></span> <span class='ocrx_word' id='word_1_503' title='bbox 2095 3921 2126 3978; x_wconf 88' lang='lat' dir='ltr'><strong>in</strong></span> <span class='ocrx_word' id='word_1_504' title='bbox 2143 3921 2239 3978; x_wconf 88' lang='lat' dir='ltr'><strong>Deum</strong></span> <span class='ocrx_word' id='word_1_505' title='bbox 2260 3923 2367 3996; x_wconf 89' lang='lat' dir='ltr'><strong>pictas,</strong></span> 
     </span>
     <span class='ocr_line' id='line_1_48' title="bbox 880 3999 2368 4080; baseline -0.004 -18"><span class='ocrx_word' id='word_1_506' title='bbox 880 4005 1041 4080; x_wconf 87' lang='lat' dir='ltr'><strong>singularis</strong></span> <span class='ocrx_word' id='word_1_507' title='bbox 1070 4003 1098 4060; x_wconf 90' lang='lat' dir='ltr'><strong>in</strong></span> <span class='ocrx_word' id='word_1_508' title='bbox 1126 4003 1203 4062; x_wconf 91' lang='lat' dir='ltr'><strong>hauc</strong></span> <span class='ocrx_word' id='word_1_509' title='bbox 1238 4001 1265 4060; x_wconf 77' lang='lat' dir='ltr'><strong>S.</strong></span> <span class='ocrx_word' id='word_1_510' title='bbox 1296 4003 1401 4062; x_wconf 80' lang='lat' dir='ltr'><strong>Sedem</strong></span> <span class='ocrx_word' id='word_1_511' title='bbox 1432 3999 1552 4060; x_wconf 84' lang='lat' dir='ltr'><strong>devotio</strong></span> <span class='ocrx_word' id='word_1_512' title='bbox 1587 3999 1775 4076; x_wconf 88' lang='lat' dir='ltr'><strong>insigniaque</strong></span> <span class='ocrx_word' id='word_1_513' title='bbox 1802 4001 1862 4058; x_wconf 88' lang='lat' dir='ltr'><strong>alia</strong></span> <span class='ocrx_word' id='word_1_514' title='bbox 1895 3999 2003 4056; x_wconf 89' lang='lat' dir='ltr'><strong>merita</strong></span> <span class='ocrx_word' id='word_1_515' title='bbox 2031 4017 2092 4058; x_wconf 90' lang='lat' dir='ltr'><strong>non</strong></span> <span class='ocrx_word' id='word_1_516' title='bbox 2120 4003 2237 4056; x_wconf 89' lang='lat' dir='ltr'><strong>tanturn</strong></span> <span class='ocrx_word' id='word_1_517' title='bbox 2267 4017 2368 4058; x_wconf 89' lang='lat' dir='ltr'><strong>coram</strong></span> 
     </span>
     <span class='ocr_line' id='line_1_49' title="bbox 878 4077 2367 4156; baseline -0.004 -16"><span class='ocrx_word' id='word_1_518' title='bbox 878 4083 1059 4156; x_wconf 90' lang='lat' dir='ltr'><strong>hominibus,</strong></span> <span class='ocrx_word' id='word_1_519' title='bbox 1088 4081 1141 4140; x_wconf 90' lang='lat' dir='ltr'><strong>sed</strong></span> <span class='ocrx_word' id='word_1_520' title='bbox 1169 4099 1268 4140; x_wconf 88' lang='lat' dir='ltr'><strong>coram</strong></span> <span class='ocrx_word' id='word_1_521' title='bbox 1290 4083 1353 4140; x_wconf 90' lang='lat' dir='ltr'><strong>Deo</strong></span> <span class='ocrx_word' id='word_1_522' title='bbox 1382 4081 1561 4138; x_wconf 86' lang='lat' dir='ltr'><strong>elucescent.</strong></span> <span class='ocrx_word' id='word_1_523' title='bbox 1601 4079 1641 4138; x_wconf 79' lang='lat' dir='ltr'><strong>nt</strong></span> <span class='ocrx_word' id='word_1_524' title='bbox 1667 4079 1808 4154; x_wconf 89' lang='lat' dir='ltr'><strong>quoniam</strong></span> <span class='ocrx_word' id='word_1_525' title='bbox 1833 4077 1976 4156; x_wconf 82' lang='lat' dir='ltr'><strong>nuntium</strong></span> <span class='ocrx_word' id='word_1_526' title='bbox 2003 4079 2040 4136; x_wconf 86' lang='lat' dir='ltr'><strong>ad</strong></span> <span class='ocrx_word' id='word_1_527' title='bbox 2067 4077 2257 4152; x_wconf 88' lang='lat' dir='ltr'><strong>majestatem</strong></span> <span class='ocrx_word' id='word_1_528' title='bbox 2284 4083 2367 4136; x_wconf 90' lang='lat' dir='ltr'><strong>tuam</strong></span> 
     </span>
     <span class='ocr_line' id='line_1_50' title="bbox 879 4155 2367 4236; baseline -0.004 -18"><span class='ocrx_word' id='word_1_529' title='bbox 879 4161 990 4236; x_wconf 85' lang='lat' dir='ltr'><strong>protis</strong></span> <span class='ocrx_word' id='word_1_530' title='bbox 1013 4159 1240 4220; x_wconf 87' lang='lat' dir='ltr'><strong>etaliisrebus</strong></span> <span class='ocrx_word' id='word_1_531' title='bbox 1262 4159 1515 4218; x_wconf 88' lang='lat' dir='ltr'><strong>concernentibus</strong></span> <span class='ocrx_word' id='word_1_532' title='bbox 1540 4157 1628 4216; x_wconf 89' lang='lat' dir='ltr'><strong>fidem</strong></span> <span class='ocrx_word' id='word_1_533' title='bbox 1649 4157 1770 4216; x_wconf 90' lang='lat' dir='ltr'><strong>missuri</strong></span> <span class='ocrx_word' id='word_1_534' title='bbox 1796 4175 1915 4230; x_wconf 90' lang='lat' dir='ltr'><strong>sumus,</strong></span> <span class='ocrx_word' id='word_1_535' title='bbox 1946 4173 1984 4214; x_wconf 90' lang='lat' dir='ltr'><strong>ox</strong></span> <span class='ocrx_word' id='word_1_536' title='bbox 2015 4175 2049 4214; x_wconf 91' lang='lat' dir='ltr'><strong>eo</strong></span> <span class='ocrx_word' id='word_1_537' title='bbox 2078 4175 2168 4230; x_wconf 89' lang='lat' dir='ltr'><strong>super</strong></span> <span class='ocrx_word' id='word_1_538' title='bbox 2192 4155 2367 4230; x_wconf 91' lang='lat' dir='ltr'><strong>hujusmodi</strong></span> 
     </span>
     <span class='ocr_line' id='line_1_51' title="bbox 878 4233 2368 4316; baseline -0.005 -18"><span class='ocrx_word' id='word_1_539' title='bbox 878 4239 1094 4316; x_wconf 88' lang='lat' dir='ltr'><strong>propagandae</strong></span> <span class='ocrx_word' id='word_1_540' title='bbox 1121 4239 1189 4296; x_wconf 87' lang='lat' dir='ltr'><strong>fidei</strong></span> <span class='ocrx_word' id='word_1_541' title='bbox 1216 4239 1337 4314; x_wconf 89' lang='lat' dir='ltr'><strong>negotio</strong></span> <span class='ocrx_word' id='word_1_542' title='bbox 1367 4239 1437 4314; x_wconf 89' lang='lat' dir='ltr'><strong>quid</strong></span> <span class='ocrx_word' id='word_1_543' title='bbox 1469 4237 1716 4296; x_wconf 87' lang='lat' dir='ltr'><strong>constituerimus</strong></span> <span class='ocrx_word' id='word_1_544' title='bbox 1744 4237 1908 4312; x_wconf 88' lang='lat' dir='ltr'><strong>intelliget,</strong></span> <span class='ocrx_word' id='word_1_545' title='bbox 1949 4233 2073 4310; x_wconf 89' lang='lat' dir='ltr'><strong>Nosque</strong></span> <span class='ocrx_word' id='word_1_546' title='bbox 2102 4235 2239 4308; x_wconf 90' lang='lat' dir='ltr'><strong>ejusdem</strong></span> <span class='ocrx_word' id='word_1_547' title='bbox 2268 4235 2368 4294; x_wconf 89' lang='lat' dir='ltr'><strong>nuntii</strong></span> 
     </span>
     <span class='ocr_line' id='line_1_52' title="bbox 879 4311 2236 4392; baseline -0.004 -16"><span class='ocrx_word' id='word_1_548' title='bbox 879 4319 974 4378; x_wconf 90' lang='lat' dir='ltr'><strong>literis</strong></span> <span class='ocrx_word' id='word_1_549' title='bbox 997 4319 1033 4376; x_wconf 93' lang='lat' dir='ltr'><strong>de</strong></span> <span class='ocrx_word' id='word_1_550' title='bbox 1055 4317 1180 4392; x_wconf 90' lang='lat' dir='ltr'><strong>singulis</strong></span> <span class='ocrx_word' id='word_1_551' title='bbox 1201 4317 1367 4392; x_wconf 90' lang='lat' dir='ltr'><strong>poterimus</strong></span> <span class='ocrx_word' id='word_1_552' title='bbox 1388 4317 1452 4376; x_wconf 88' lang='lat' dir='ltr'><strong>lieri</strong></span> <span class='ocrx_word' id='word_1_553' title='bbox 1474 4311 1635 4374; x_wconf 82' lang='lat' dir='ltr'><strong>certiores‘⁴</strong></span> <span class='ocrx_word' id='word_1_554' title='bbox 1661 4313 1695 4386; x_wconf 80' lang='grc'><strong>(0.</strong></span> <span class='ocrx_word' id='word_1_555' title='bbox 1718 4315 1758 4388; x_wconf 88' lang='lat' dir='ltr'><strong>d.)</strong></span> <span class='ocrx_word' id='word_1_556' title='bbox 1779 4317 1868 4374; x_wconf 84' lang='lat' dir='ltr'><strong>Brer.</strong></span> <span class='ocrx_word' id='word_1_557' title='bbox 1891 4313 1928 4372; x_wconf 90' lang='lat' dir='ltr'><strong>ad</strong></span> <span class='ocrx_word' id='word_1_558' title='bbox 1950 4315 2043 4390; x_wconf 90' lang='lat' dir='ltr'><strong>princ.</strong></span> <span class='ocrx_word' id='word_1_559' title='bbox 2066 4317 2087 4372; x_wconf 92' lang='lat' dir='ltr'><strong>t.</strong></span> <span class='ocrx_word' id='word_1_560' title='bbox 2109 4317 2126 4370; x_wconf 87' lang='lat'>5</span> <span class='ocrx_word' id='word_1_561' title='bbox 2148 4313 2167 4372; x_wconf 90' lang='grc'><strong>1.</strong></span> <span class='ocrx_word' id='word_1_562' title='bbox 2189 4315 2236 4372; x_wconf 81' lang='lat'><strong>82.</strong></span> 
     </span>
    </p>

    <p class='ocr_par' dir='ltr' id='par_1_6' title="bbox 434 4383 2371 5646">
     <span class='ocr_line' id='line_1_53' title="bbox 434 4383 2367 4470; baseline -0.003 -16"><span class='ocrx_word' id='word_1_563' title='bbox 434 4389 504 4446; x_wconf 77' lang='lat' dir='ltr'><strong>Mol·</strong></span> <span class='ocrx_word' id='word_1_564' title='bbox 545 4389 557 4446; x_wconf 74' lang='lat' dir='ltr'><strong>‘i</strong></span> <span class='ocrx_word' id='word_1_565' title='bbox 699 4383 711 4440; x_wconf 65' lang='lat' dir='ltr'><strong>l</strong></span> <span class='ocrx_word' id='word_1_566' title='bbox 821 4397 870 4470; x_wconf 78' lang='lat'><strong>&lt;15</strong></span> <span class='ocrx_word' id='word_1_567' title='bbox 884 4395 951 4470; x_wconf 79' lang='grc'><strong>691)</strong></span> <span class='ocrx_word' id='word_1_568' title='bbox 978 4395 1076 4454; x_wconf 85' lang='lat' dir='ltr'><strong>Dauid</strong></span> <span class='ocrx_word' id='word_1_569' title='bbox 1091 4395 1174 4470; x_wconf 87' lang='lat' dir='ltr'><strong>Regi.</strong></span> <span class='ocrx_word' id='word_1_570' title='bbox 1199 4395 1320 4470; x_wconf 88' lang='lat' dir='ltr'><strong>,Nuper</strong></span> <span class='ocrx_word' id='word_1_571' title='bbox 1341 4413 1379 4452; x_wconf 87' lang='lat' dir='ltr'><strong>ex</strong></span> <span class='ocrx_word' id='word_1_572' title='bbox 1400 4395 1572 4452; x_wconf 86' lang='lat' dir='ltr'><strong>oratoribus</strong></span> <span class='ocrx_word' id='word_1_573' title='bbox 1594 4395 1739 4452; x_wconf 84' lang='lat' dir='ltr'><strong>rarissimi</strong></span> <span class='ocrx_word' id='word_1_574' title='bbox 1766 4393 1796 4452; x_wconf 88' lang='lat' dir='ltr'><strong>iu</strong></span> <span class='ocrx_word' id='word_1_575' title='bbox 1818 4393 1938 4452; x_wconf 81' lang='lat' dir='ltr'><strong>Ohristo</strong></span> <span class='ocrx_word' id='word_1_576' title='bbox 1966 4391 2019 4450; x_wconf 89' lang='lat' dir='ltr'><strong>lilii</strong></span> <span class='ocrx_word' id='word_1_577' title='bbox 2039 4391 2144 4450; x_wconf 86' lang='lat' dir='ltr'><strong>Nostri</strong></span> <span class='ocrx_word' id='word_1_578' title='bbox 2164 4389 2367 4450; x_wconf 79' lang='lat' dir='ltr'><strong>Emmanuelis</strong></span> 
     </span>
     <span class='ocr_line' id='line_1_54' title="bbox 878 4469 2368 4550; baseline -0.003 -18"><span class='ocrx_word' id='word_1_579' title='bbox 878 4475 1066 4550; x_wconf 89' lang='lat' dir='ltr'><strong>Portugallie</strong></span> <span class='ocrx_word' id='word_1_580' title='bbox 1077 4473 1167 4550; x_wconf 89' lang='lat' dir='ltr'><strong>Regis</strong></span> <span class='ocrx_word' id='word_1_581' title='bbox 1181 4474 1307 4532; x_wconf 89' lang='lat' dir='ltr'><strong>illustris</strong></span> <span class='ocrx_word' id='word_1_582' title='bbox 1323 4479 1353 4532; x_wconf 94' lang='lat' dir='ltr'><strong>et</strong></span> <span class='ocrx_word' id='word_1_583' title='bbox 1369 4491 1407 4530; x_wconf 86' lang='lat' dir='ltr'><strong>ex</strong></span> <span class='ocrx_word' id='word_1_584' title='bbox 1420 4473 1514 4550; x_wconf 90' lang='lat' dir='ltr'><strong>ipsius</strong></span> <span class='ocrx_word' id='word_1_585' title='bbox 1525 4473 1616 4548; x_wconf 89' lang='lat' dir='ltr'><strong>Regis</strong></span> <span class='ocrx_word' id='word_1_586' title='bbox 1626 4473 1731 4546; x_wconf 88' lang='lat' dir='ltr'><strong>literis,</strong></span> <span class='ocrx_word' id='word_1_587' title='bbox 1746 4473 1784 4530; x_wconf 89' lang='lat' dir='ltr'><strong>ad</strong></span> <span class='ocrx_word' id='word_1_588' title='bbox 1796 4491 1884 4548; x_wconf 92' lang='lat' dir='ltr'><strong>quem</strong></span> <span class='ocrx_word' id='word_1_589' title='bbox 1894 4471 2031 4546; x_wconf 89' lang='lat' dir='ltr'><strong>proxime</strong></span> <span class='ocrx_word' id='word_1_590' title='bbox 2045 4471 2186 4530; x_wconf 86' lang='lat' dir='ltr'><strong>nuntium</strong></span> <span class='ocrx_word' id='word_1_591' title='bbox 2201 4469 2368 4542; x_wconf 86' lang='lat' dir='ltr'><strong>destinasti,</strong></span> 
     </span>
     <span class='ocr_line' id='line_1_55' title="bbox 881 4547 2369 4628; baseline -0.005 -16"><span class='ocrx_word' id='word_1_592' title='bbox 881 4555 980 4612; x_wconf 80' lang='lat' dir='ltr'><strong>divina</strong></span> <span class='ocrx_word' id='word_1_593' title='bbox 1001 4571 1074 4612; x_wconf 90' lang='lat' dir='ltr'><strong>sane</strong></span> <span class='ocrx_word' id='word_1_594' title='bbox 1096 4551 1224 4628; x_wconf 90' lang='lat' dir='ltr'><strong>desuper</strong></span> <span class='ocrx_word' id='word_1_595' title='bbox 1248 4555 1392 4626; x_wconf 87' lang='lat' dir='ltr'><strong>operante</strong></span> <span class='ocrx_word' id='word_1_596' title='bbox 1409 4551 1518 4628; x_wconf 87' lang='lat' dir='ltr'><strong>gratia,</strong></span> <span class='ocrx_word' id='word_1_597' title='bbox 1540 4551 1725 4626; x_wconf 87' lang='lat' dir='ltr'><strong>accepimus,</strong></span> <span class='ocrx_word' id='word_1_598' title='bbox 1753 4551 1942 4626; x_wconf 87' lang='lat' dir='ltr'><strong>majestatem</strong></span> <span class='ocrx_word' id='word_1_599' title='bbox 1963 4553 2046 4608; x_wconf 91' lang='lat' dir='ltr'><strong>tuam</strong></span> <span class='ocrx_word' id='word_1_600' title='bbox 2068 4569 2102 4608; x_wconf 90' lang='lat' dir='ltr'><strong>ao</strong></span> <span class='ocrx_word' id='word_1_601' title='bbox 2122 4551 2268 4624; x_wconf 89' lang='lat' dir='ltr'><strong>probatae</strong></span> <span class='ocrx_word' id='word_1_602' title='bbox 2288 4547 2369 4606; x_wconf 82' lang='lat' dir='ltr'><strong>vitae</strong></span> 
     </span>
     <span class='ocr_line' id='line_1_56' title="bbox 879 4627 2368 4704; baseline -0.003 -15"><span class='ocrx_word' id='word_1_603' title='bbox 879 4633 1015 4690; x_wconf 87' lang='lat' dir='ltr'><strong>Marcum</strong></span> <span class='ocrx_word' id='word_1_604' title='bbox 1028 4629 1248 4704; x_wconf 88' lang='lat' dir='ltr'><strong>Patriarcham,</strong></span> <span class='ocrx_word' id='word_1_605' title='bbox 1271 4630 1318 4686; x_wconf 93' lang='lat' dir='ltr'><strong>cui</strong></span> <span class='ocrx_word' id='word_1_606' title='bbox 1340 4629 1469 4702; x_wconf 87' lang='lat' dir='ltr'><strong>subjecti</strong></span> <span class='ocrx_word' id='word_1_607' title='bbox 1490 4629 1545 4688; x_wconf 91' lang='lat' dir='ltr'><strong>tibi</strong></span> <span class='ocrx_word' id='word_1_608' title='bbox 1558 4629 1665 4702; x_wconf 89' lang='lat' dir='ltr'><strong>Reges,</strong></span> <span class='ocrx_word' id='word_1_609' title='bbox 1687 4633 1792 4704; x_wconf 89' lang='lat' dir='ltr'><strong>gentes</strong></span> <span class='ocrx_word' id='word_1_610' title='bbox 1808 4635 1839 4686; x_wconf 94' lang='lat' dir='ltr'><strong>et</strong></span> <span class='ocrx_word' id='word_1_611' title='bbox 1853 4627 1957 4704; x_wconf 88' lang='lat' dir='ltr'><strong>populi</strong></span> <span class='ocrx_word' id='word_1_612' title='bbox 1977 4629 2008 4684; x_wconf 88' lang='lat' dir='ltr'><strong>in</strong></span> <span class='ocrx_word' id='word_1_613' title='bbox 2023 4629 2230 4702; x_wconf 87' lang='lat' dir='ltr'><strong>spiritualibus</strong></span> <span class='ocrx_word' id='word_1_614' title='bbox 2251 4633 2368 4702; x_wconf 83' lang='lat' dir='ltr'><strong>pereni,</strong></span> 
     </span>
     <span class='ocr_line' id='line_1_57' title="bbox 880 4705 2370 4782; baseline -0.003 -16"><span class='ocrx_word' id='word_1_615' title='bbox 880 4709 943 4768; x_wconf 84' lang='lat' dir='ltr'><strong>zelo</strong></span> <span class='ocrx_word' id='word_1_616' title='bbox 959 4713 988 4766; x_wconf 90' lang='lat' dir='ltr'><strong>et</strong></span> <span class='ocrx_word' id='word_1_617' title='bbox 1009 4709 1128 4766; x_wconf 80' lang='lat' dir='ltr'><strong>fervore</strong></span> <span class='ocrx_word' id='word_1_618' title='bbox 1148 4707 1218 4766; x_wconf 84' lang='lat' dir='ltr'><strong>fidei</strong></span> <span class='ocrx_word' id='word_1_619' title='bbox 1233 4707 1425 4766; x_wconf 83' lang='lat' dir='ltr'><strong>uehementer</strong></span> <span class='ocrx_word' id='word_1_620' title='bbox 1439 4725 1551 4782; x_wconf 90' lang='lat' dir='ltr'><strong>cupere</strong></span> <span class='ocrx_word' id='word_1_621' title='bbox 1566 4707 1646 4764; x_wconf 90' lang='lat' dir='ltr'><strong>uniri</strong></span> <span class='ocrx_word' id='word_1_622' title='bbox 1661 4725 1728 4766; x_wconf 91' lang='lat' dir='ltr'><strong>cum</strong></span> <span class='ocrx_word' id='word_1_623' title='bbox 1743 4707 1852 4764; x_wconf 87' lang='lat' dir='ltr'><strong>ceteris</strong></span> <span class='ocrx_word' id='word_1_624' title='bbox 1870 4705 2131 4780; x_wconf 79' lang='lat' dir='ltr'><strong>Christilidelibus,</strong></span> <span class='ocrx_word' id='word_1_625' title='bbox 2153 4723 2318 4782; x_wconf 78' lang='lat' dir='ltr'><strong>agnoscere</strong></span> <span class='ocrx_word' id='word_1_626' title='bbox 2340 4709 2370 4764; x_wconf 90' lang='grc'><strong>01</strong></span> 
     </span>
     <span class='ocr_line' id='line_1_58' title="bbox 879 4783 2369 4860; baseline -0.003 -14"><span class='ocrx_word' id='word_1_627' title='bbox 879 4789 1017 4846; x_wconf 80' lang='lat' dir='ltr'><strong>venerari</strong></span> <span class='ocrx_word' id='word_1_628' title='bbox 1036 4787 1122 4846; x_wconf 92' lang='lat' dir='ltr'><strong>Rom.</strong></span> <span class='ocrx_word' id='word_1_629' title='bbox 1144 4785 1320 4846; x_wconf 88' lang='lat' dir='ltr'><strong>Pontificem</strong></span> <span class='ocrx_word' id='word_1_630' title='bbox 1341 4805 1375 4844; x_wconf 92' lang='lat' dir='ltr'><strong>ac</strong></span> <span class='ocrx_word' id='word_1_631' title='bbox 1397 4785 1425 4846; x_wconf 78' lang='lat' dir='ltr'><strong>S.</strong></span> <span class='ocrx_word' id='word_1_632' title='bbox 1445 4787 1482 4844; x_wconf 89' lang='lat' dir='ltr'><strong>R.</strong></span> <span class='ocrx_word' id='word_1_633' title='bbox 1506 4785 1659 4844; x_wconf 86' lang='lat' dir='ltr'><strong>Reclesiae</strong></span> <span class='ocrx_word' id='word_1_634' title='bbox 1686 4785 1821 4846; x_wconf 88' lang='lat' dir='ltr'><strong>exhibita</strong></span> <span class='ocrx_word' id='word_1_635' title='bbox 1847 4783 1932 4842; x_wconf 86' lang='lat' dir='ltr'><strong>filiali</strong></span> <span class='ocrx_word' id='word_1_636' title='bbox 1953 4785 2126 4842; x_wconf 88' lang='lat' dir='ltr'><strong>obedientia</strong></span> <span class='ocrx_word' id='word_1_637' title='bbox 2155 4803 2186 4842; x_wconf 97' lang='grc'><strong>00</strong></span> <span class='ocrx_word' id='word_1_638' title='bbox 2207 4783 2369 4860; x_wconf 90' lang='lat' dir='ltr'><strong>subjicere,</strong></span> 
     </span>
     <span class='ocr_line' id='line_1_59' title="bbox 881 4863 2370 4942; baseline -0.003 -18"><span class='ocrx_word' id='word_1_639' title='bbox 881 4885 939 4942; x_wconf 94' lang='lat' dir='ltr'><strong>quo</strong></span> <span class='ocrx_word' id='word_1_640' title='bbox 962 4865 1088 4926; x_wconf 90' lang='lat' dir='ltr'><strong>sublatis</strong></span> <span class='ocrx_word' id='word_1_641' title='bbox 1110 4865 1140 4922; x_wconf 93' lang='lat' dir='ltr'><strong>in</strong></span> <span class='ocrx_word' id='word_1_642' title='bbox 1163 4865 1259 4924; x_wconf 90' lang='lat' dir='ltr'><strong>celum</strong></span> <span class='ocrx_word' id='word_1_643' title='bbox 1288 4865 1425 4924; x_wconf 91' lang='lat' dir='ltr'><strong>manibus</strong></span> <span class='ocrx_word' id='word_1_644' title='bbox 1445 4865 1677 4940; x_wconf 76' lang='lat' dir='ltr'><strong>incredibilique</strong></span> <span class='ocrx_word' id='word_1_645' title='bbox 1704 4865 1822 4922; x_wconf 88' lang='lat' dir='ltr'><strong>laetitia</strong></span> <span class='ocrx_word' id='word_1_646' title='bbox 1842 4863 1958 4940; x_wconf 86' lang='lat' dir='ltr'><strong>perfusi</strong></span> <span class='ocrx_word' id='word_1_647' title='bbox 1979 4863 2042 4920; x_wconf 90' lang='lat' dir='ltr'><strong>Deo</strong></span> <span class='ocrx_word' id='word_1_648' title='bbox 2065 4865 2214 4924; x_wconf 91' lang='lat' dir='ltr'><strong>bonorum</strong></span> <span class='ocrx_word' id='word_1_649' title='bbox 2245 4881 2370 4938; x_wconf 91' lang='lat' dir='ltr'><strong>operum</strong></span> 
     </span>
     <span class='ocr_line' id='line_1_60' title="bbox 881 4941 2370 5020; baseline -0.005 -15"><span class='ocrx_word' id='word_1_650' title='bbox 881 4947 1017 5004; x_wconf 86' lang='lat' dir='ltr'><strong>effectori</strong></span> <span class='ocrx_word' id='word_1_651' title='bbox 1040 4945 1184 5002; x_wconf 88' lang='lat' dir='ltr'><strong>maximas</strong></span> <span class='ocrx_word' id='word_1_652' title='bbox 1205 4945 1318 5018; x_wconf 86' lang='lat' dir='ltr'><strong>gratias</strong></span> <span class='ocrx_word' id='word_1_653' title='bbox 1340 4945 1471 5020; x_wconf 87' lang='lat' dir='ltr'><strong>egimus,</strong></span> <span class='ocrx_word' id='word_1_654' title='bbox 1493 4941 1581 5018; x_wconf 86' lang='lat' dir='ltr'><strong>cujus</strong></span> <span class='ocrx_word' id='word_1_655' title='bbox 1596 4943 1761 5002; x_wconf 88' lang='lat' dir='ltr'><strong>clementia</strong></span> <span class='ocrx_word' id='word_1_656' title='bbox 1781 4943 1893 5000; x_wconf 88' lang='lat' dir='ltr'><strong>nostris</strong></span> <span class='ocrx_word' id='word_1_657' title='bbox 1915 4941 2101 5016; x_wconf 89' lang='lat' dir='ltr'><strong>temporibus</strong></span> <span class='ocrx_word' id='word_1_658' title='bbox 2123 4941 2313 5014; x_wconf 85' lang='lat' dir='ltr'><strong>factumest,</strong></span> <span class='ocrx_word' id='word_1_659' title='bbox 2335 4945 2370 4998; x_wconf 92' lang='lat' dir='ltr'><strong>ut</strong></span> 
     </span>
     <span class='ocr_line' id='line_1_61' title="bbox 880 5019 2370 5100; baseline -0.004 -18"><span class='ocrx_word' id='word_1_660' title='bbox 880 5025 1089 5100; x_wconf 89' lang='lat' dir='ltr'><strong>potentissima</strong></span> <span class='ocrx_word' id='word_1_661' title='bbox 1116 5021 1259 5098; x_wconf 74' lang='lat' dir='ltr'><strong>majestas</strong></span> <span class='ocrx_word' id='word_1_662' title='bbox 1289 5027 1342 5080; x_wconf 89' lang='lat' dir='ltr'><strong>tua</strong></span> <span class='ocrx_word' id='word_1_663' title='bbox 1367 5041 1402 5082; x_wconf 91' lang='lat' dir='ltr'><strong>ao</strong></span> <span class='ocrx_word' id='word_1_664' title='bbox 1429 5023 1584 5082; x_wconf 89' lang='lat' dir='ltr'><strong>carissima</strong></span> <span class='ocrx_word' id='word_1_665' title='bbox 1613 5023 1644 5082; x_wconf 91' lang='grc'><strong>10</strong></span> <span class='ocrx_word' id='word_1_666' title='bbox 1666 5021 1785 5080; x_wconf 74' lang='lat' dir='ltr'><strong>Christo</strong></span> <span class='ocrx_word' id='word_1_667' title='bbox 1815 5021 1878 5080; x_wconf 90' lang='lat' dir='ltr'><strong>filia</strong></span> <span class='ocrx_word' id='word_1_668' title='bbox 1898 5019 2011 5078; x_wconf 89' lang='lat' dir='ltr'><strong>Nostra</strong></span> <span class='ocrx_word' id='word_1_669' title='bbox 2031 5019 2146 5078; x_wconf 91' lang='lat' dir='ltr'><strong>Helena</strong></span> <span class='ocrx_word' id='word_1_670' title='bbox 2177 5019 2243 5094; x_wconf 90' lang='lat' dir='ltr'><strong>ejus</strong></span> <span class='ocrx_word' id='word_1_671' title='bbox 2272 5021 2370 5076; x_wconf 90' lang='lat' dir='ltr'><strong>mater</strong></span> 
     </span>
     <span class='ocr_line' id='line_1_62' title="bbox 880 5097 2368 5178; baseline -0.003 -18"><span class='ocrx_word' id='word_1_672' title='bbox 880 5103 1122 5178; x_wconf 89' lang='lat' dir='ltr'><strong>prudentissima,</strong></span> <span class='ocrx_word' id='word_1_673' title='bbox 1145 5103 1223 5160; x_wconf 91' lang='lat' dir='ltr'><strong>sicut</strong></span> <span class='ocrx_word' id='word_1_674' title='bbox 1244 5101 1429 5176; x_wconf 88' lang='lat' dir='ltr'><strong>accepimus,</strong></span> <span class='ocrx_word' id='word_1_675' title='bbox 1460 5119 1495 5160; x_wconf 92' lang='lat' dir='ltr'><strong>ac</strong></span> <span class='ocrx_word' id='word_1_676' title='bbox 1516 5101 1630 5176; x_wconf 91' lang='lat' dir='ltr'><strong>pietate</strong></span> <span class='ocrx_word' id='word_1_677' title='bbox 1651 5101 1681 5158; x_wconf 91' lang='lat' dir='ltr'><strong>iu</strong></span> <span class='ocrx_word' id='word_1_678' title='bbox 1703 5101 1803 5158; x_wconf 88' lang='lat' dir='ltr'><strong>Deum</strong></span> <span class='ocrx_word' id='word_1_679' title='bbox 1828 5103 1857 5158; x_wconf 91' lang='lat' dir='ltr'><strong>et</strong></span> <span class='ocrx_word' id='word_1_680' title='bbox 1878 5097 2024 5174; x_wconf 86' lang='lat' dir='ltr'><strong>religione</strong></span> <span class='ocrx_word' id='word_1_681' title='bbox 2045 5099 2171 5174; x_wconf 87' lang='lat' dir='ltr'><strong>insignis</strong></span> <span class='ocrx_word' id='word_1_682' title='bbox 2192 5097 2316 5172; x_wconf 89' lang='lat' dir='ltr'><strong>mulier,</strong></span> <span class='ocrx_word' id='word_1_683' title='bbox 2338 5097 2368 5154; x_wconf 93' lang='lat' dir='ltr'><strong>in</strong></span> 
     </span>
     <span class='ocr_line' id='line_1_63' title="bbox 881 5175 2368 5256; baseline -0.005 -16"><span class='ocrx_word' id='word_1_684' title='bbox 881 5183 1097 5240; x_wconf 87' lang='lat' dir='ltr'><strong>exaltationem</strong></span> <span class='ocrx_word' id='word_1_685' title='bbox 1118 5181 1187 5238; x_wconf 89' lang='lat' dir='ltr'><strong>fidei</strong></span> <span class='ocrx_word' id='word_1_686' title='bbox 1207 5181 1350 5256; x_wconf 87' lang='lat' dir='ltr'><strong>propensi</strong></span> <span class='ocrx_word' id='word_1_687' title='bbox 1371 5181 1409 5242; x_wconf 89' lang='lat' dir='ltr'><strong>ad</strong></span> <span class='ocrx_word' id='word_1_688' title='bbox 1430 5185 1491 5238; x_wconf 90' lang='lat' dir='ltr'><strong>tam</strong></span> <span class='ocrx_word' id='word_1_689' title='bbox 1514 5183 1650 5238; x_wconf 86' lang='lat' dir='ltr'><strong>sanctum</strong></span> <span class='ocrx_word' id='word_1_690' title='bbox 1673 5183 1703 5236; x_wconf 91' lang='lat' dir='ltr'><strong>et</strong></span> <span class='ocrx_word' id='word_1_691' title='bbox 1723 5177 1875 5238; x_wconf 88' lang='lat' dir='ltr'><strong>laudabile</strong></span> <span class='ocrx_word' id='word_1_692' title='bbox 1897 5197 1971 5254; x_wconf 91' lang='lat' dir='ltr'><strong>opus</strong></span> <span class='ocrx_word' id='word_1_693' title='bbox 1994 5195 2025 5236; x_wconf 89' lang='lat' dir='ltr'><strong>se</strong></span> <span class='ocrx_word' id='word_1_694' title='bbox 2046 5177 2219 5237; x_wconf 85' lang='lat' dir='ltr'><strong>obtulerint.</strong></span> <span class='ocrx_word' id='word_1_695' title='bbox 2255 5175 2368 5236; x_wconf 84' lang='lat' dir='ltr'><strong>Verum</strong></span> 
     </span>
     <span class='ocr_line' id='line_1_64' title="bbox 881 5253 2371 5334; baseline -0.004 -16"><span class='ocrx_word' id='word_1_696' title='bbox 881 5279 948 5318; x_wconf 89' lang='lat' dir='ltr'><strong>cunr</strong></span> <span class='ocrx_word' id='word_1_697' title='bbox 969 5259 1209 5318; x_wconf 85' lang='lat' dir='ltr'><strong>intellexerimus</strong></span> <span class='ocrx_word' id='word_1_698' title='bbox 1230 5259 1260 5316; x_wconf 91' lang='grc'><strong>10</strong></span> <span class='ocrx_word' id='word_1_699' title='bbox 1283 5263 1334 5316; x_wconf 89' lang='grc'><strong>100</strong></span> <span class='ocrx_word' id='word_1_700' title='bbox 1356 5277 1449 5334; x_wconf 88' lang='lat' dir='ltr'><strong>regno</strong></span> <span class='ocrx_word' id='word_1_701' title='bbox 1472 5259 1729 5316; x_wconf 84' lang='lat' dir='ltr'><strong>circumcisionem</strong></span> <span class='ocrx_word' id='word_1_702' title='bbox 1751 5257 1850 5316; x_wconf 89' lang='lat' dir='ltr'><strong>adhue</strong></span> <span class='ocrx_word' id='word_1_703' title='bbox 1872 5255 2002 5332; x_wconf 84' lang='lat' dir='ltr'><strong>serrari,</strong></span> <span class='ocrx_word' id='word_1_704' title='bbox 2023 5259 2115 5330; x_wconf 90' lang='lat' dir='ltr'><strong>prout</strong></span> <span class='ocrx_word' id='word_1_705' title='bbox 2135 5255 2272 5329; x_wconf 89' lang='lat' dir='ltr'><strong>praefato</strong></span> <span class='ocrx_word' id='word_1_706' title='bbox 2294 5253 2371 5328; x_wconf 88' lang='lat' dir='ltr'><strong>Regi</strong></span> 
     </span>
     <span class='ocr_line' id='line_1_65' title="bbox 882 5333 2369 5412; baseline -0.004 -16"><span class='ocrx_word' id='word_1_707' title='bbox 882 5337 1071 5398; x_wconf 83' lang='lat' dir='ltr'><strong>Rmmauueli</strong></span> <span class='ocrx_word' id='word_1_708' title='bbox 1092 5337 1211 5396; x_wconf 91' lang='lat' dir='ltr'><strong>Nostris</strong></span> <span class='ocrx_word' id='word_1_709' title='bbox 1241 5337 1335 5394; x_wconf 90' lang='lat' dir='ltr'><strong>literis</strong></span> <span class='ocrx_word' id='word_1_710' title='bbox 1366 5337 1617 5412; x_wconf 85' lang='lat' dir='ltr'><strong>significavimus,</strong></span> <span class='ocrx_word' id='word_1_711' title='bbox 1649 5355 1714 5394; x_wconf 91' lang='lat' dir='ltr'><strong>eam</strong></span> <span class='ocrx_word' id='word_1_712' title='bbox 1743 5337 1904 5394; x_wconf 86' lang='lat' dir='ltr'><strong>obmittere</strong></span> <span class='ocrx_word' id='word_1_713' title='bbox 1934 5337 1971 5394; x_wconf 88' lang='lat' dir='ltr'><strong>ad</strong></span> <span class='ocrx_word' id='word_1_714' title='bbox 2005 5335 2122 5410; x_wconf 90' lang='lat' dir='ltr'><strong>plenam</strong></span> <span class='ocrx_word' id='word_1_715' title='bbox 2154 5337 2183 5392; x_wconf 90' lang='lat' dir='ltr'><strong>et</strong></span> <span class='ocrx_word' id='word_1_716' title='bbox 2210 5333 2369 5392; x_wconf 88' lang='lat' dir='ltr'><strong>certiorem</strong></span> 
     </span>
     <span class='ocr_line' id='line_1_66' title="bbox 881 5411 2369 5492; baseline -0.004 -18"><span class='ocrx_word' id='word_1_717' title='bbox 881 5417 1009 5474; x_wconf 92' lang='lat' dir='ltr'><strong>salutem</strong></span> <span class='ocrx_word' id='word_1_718' title='bbox 1037 5415 1280 5492; x_wconf 90' lang='lat' dir='ltr'><strong>consequendam</strong></span> <span class='ocrx_word' id='word_1_719' title='bbox 1308 5421 1465 5490; x_wconf 90' lang='lat' dir='ltr'><strong>oportere,</strong></span> <span class='ocrx_word' id='word_1_720' title='bbox 1495 5415 1687 5490; x_wconf 88' lang='lat' dir='ltr'><strong>majestatem</strong></span> <span class='ocrx_word' id='word_1_721' title='bbox 1717 5417 1801 5472; x_wconf 91' lang='lat' dir='ltr'><strong>tuam</strong></span> <span class='ocrx_word' id='word_1_722' title='bbox 1829 5415 1866 5472; x_wconf 90' lang='lat' dir='ltr'><strong>de</strong></span> <span class='ocrx_word' id='word_1_723' title='bbox 1889 5413 1953 5488; x_wconf 89' lang='lat' dir='ltr'><strong>ejus</strong></span> <span class='ocrx_word' id='word_1_724' title='bbox 1982 5417 2013 5472; x_wconf 89' lang='lat' dir='ltr'><strong>et</strong></span> <span class='ocrx_word' id='word_1_725' title='bbox 2039 5411 2218 5488; x_wconf 90' lang='lat' dir='ltr'><strong>populorum</strong></span> <span class='ocrx_word' id='word_1_726' title='bbox 2247 5429 2369 5470; x_wconf 89' lang='lat' dir='ltr'><strong>suorum</strong></span> 
     </span>
     <span class='ocr_line' id='line_1_67' title="bbox 882 5489 2369 5570; baseline -0.005 -18"><span class='ocrx_word' id='word_1_727' title='bbox 882 5493 980 5554; x_wconf 90' lang='lat' dir='ltr'><strong>salute</strong></span> <span class='ocrx_word' id='word_1_728' title='bbox 1002 5495 1122 5554; x_wconf 89' lang='lat' dir='ltr'><strong>solliciti</strong></span> <span class='ocrx_word' id='word_1_729' title='bbox 1145 5511 1227 5552; x_wconf 92' lang='lat' dir='ltr'><strong>more</strong></span> <span class='ocrx_word' id='word_1_730' title='bbox 1247 5495 1289 5570; x_wconf 90' lang='lat' dir='ltr'><strong>pii</strong></span> <span class='ocrx_word' id='word_1_731' title='bbox 1310 5495 1443 5568; x_wconf 90' lang='lat' dir='ltr'><strong>parentis</strong></span> <span class='ocrx_word' id='word_1_732' title='bbox 1464 5493 1623 5550; x_wconf 88' lang='lat' dir='ltr'><strong>hortamur</strong></span> <span class='ocrx_word' id='word_1_733' title='bbox 1643 5493 1674 5550; x_wconf 89' lang='lat' dir='ltr'><strong>in</strong></span> <span class='ocrx_word' id='word_1_734' title='bbox 1694 5493 1833 5566; x_wconf 90' lang='lat' dir='ltr'><strong>Domino,</strong></span> <span class='ocrx_word' id='word_1_735' title='bbox 1855 5495 1889 5550; x_wconf 87' lang='lat' dir='ltr'><strong>ut</strong></span> <span class='ocrx_word' id='word_1_736' title='bbox 1911 5491 2031 5550; x_wconf 88' lang='lat' dir='ltr'><strong>dimisso</strong></span> <span class='ocrx_word' id='word_1_737' title='bbox 2054 5489 2287 5550; x_wconf 90' lang='lat' dir='ltr'><strong>circumcidendi</strong></span> <span class='ocrx_word' id='word_1_738' title='bbox 2308 5489 2369 5546; x_wconf 90' lang='lat' dir='ltr'><strong>ritu</strong></span> 
     </span>
     <span class='ocr_line' id='line_1_68' title="bbox 881 5569 2370 5646; baseline -0.003 -14"><span class='ocrx_word' id='word_1_739' title='bbox 881 5591 951 5632; x_wconf 92' lang='lat' dir='ltr'><strong>cum</strong></span> <span class='ocrx_word' id='word_1_740' title='bbox 980 5573 1089 5634; x_wconf 92' lang='lat' dir='ltr'><strong>ceteris</strong></span> <span class='ocrx_word' id='word_1_741' title='bbox 1117 5571 1370 5634; x_wconf 84' lang='lat' dir='ltr'><strong>Ohristifidelibus</strong></span> <span class='ocrx_word' id='word_1_742' title='bbox 1400 5571 1575 5646; x_wconf 77' lang='lat' dir='ltr'><strong>conveniat,</strong></span> <span class='ocrx_word' id='word_1_743' title='bbox 1604 5577 1639 5630; x_wconf 90' lang='lat' dir='ltr'><strong>ut</strong></span> <span class='ocrx_word' id='word_1_744' title='bbox 1667 5571 1725 5630; x_wconf 93' lang='lat' dir='ltr'><strong>hoc</strong></span> <span class='ocrx_word' id='word_1_745' title='bbox 1754 5571 1863 5630; x_wconf 86' lang='lat' dir='ltr'><strong>eximio</strong></span> <span class='ocrx_word' id='word_1_746' title='bbox 1890 5569 2010 5628; x_wconf 88' lang='lat' dir='ltr'><strong>unionis</strong></span> <span class='ocrx_word' id='word_1_747' title='bbox 2038 5571 2109 5626; x_wconf 89' lang='lat' dir='ltr'><strong>tuae</strong></span> <span class='ocrx_word' id='word_1_748' title='bbox 2132 5569 2209 5628; x_wconf 88' lang='lat' dir='ltr'><strong>dono</strong></span> <span class='ocrx_word' id='word_1_749' title='bbox 2237 5585 2370 5646; x_wconf 84' lang='lat' dir='ltr'><strong>veroque</strong></span> 
     </span>
    </p>
   </div>
   <div class='ocr_carea' id='block_1_6' title="bbox 0 0 2733 6740">
    <p class='ocr_par' dir='ltr' id='par_1_7' title="bbox 0 0 2733 6740">
     <span class='ocr_line' id='line_1_69' title="bbox 0 0 2733 6740; baseline 0 0"><span class='ocrx_word' id='word_1_750' title='bbox 0 0 2733 6740; x_wconf 95' lang='lat' dir='ltr'><strong> </strong></span> 
     </span>
    </p>
   </div>
  </div>
 </body>
</html>
