5442 6734
924 263 1062 346 ANNO
1091 261 1244 344 PRIMO
1272 263 1436 342 MENSE
1463 261 1729 342 JANUARIO.
1788 265 1897 342 1514.

987 425 1139 432 ...m-.-
1159 423 1343 432 ...η-Ἠ...
1364 429 1762 434 —..-..-..-..-—.—.—.-

839 521 952 604 1513.

871 667 874 672 '
896 663 997 798 prelslb7
1018 661 1115 800 quictae
1137 663 1230 722 dioec.
1253 663 1396 724 conferat.
1434 661 1598 738 ,Dignum“
1620 659 1668 736 (G.
1692 663 1729 720 de
1743 663 1836 720 Prato
1855 657 1859 736 i
1877 661 2042 736 Nardinus)
2065 663 2156 722 Areh.
2177 663 2244 722 Lat.
2266 665 2343 720 tomo
2361 663 2394 720 11

828 815 940 892 ’(6031)
964 787 1038 876 uim
1058 837 1156 894 nuper
1178 819 1208 878 in
1227 819 1364 894 generali
1384 819 1598 878 reformatione
1620 819 1789 876 officiorum
1804 817 1914 878 Ouriae
1929 819 2015 880 Rom.
2037 819 2077 894 (1.
2100 819 2127 878 1.
2151 819 2196 876 13.
2211 815 2296 890 Dec.)
2318 819 2394 876 inter

899 895 958 954 alia
978 897 1117 972 uoluerit,
1140 897 1221 974 qnod
1235 897 1336 956 nullus
1352 899 1390 958 ad
1405 897 1524 956 ordines
1547 897 1638 954 etiam
1659 915 1761 956 999999
1783 901 1812 954 91
1833 901 2079 974 presbyteratum
2100 897 2271 974 promoveri
2291 897 2394 974 possit,

728 1075 734 1088 .
845 1077 849 1084 ι
897 975 1042 1110 pippwpiere
1067 995 1170 1110 ununpn
1175 1053 1185 1110 i
1186 975 1396 1114 Π999ἇ91899ἕι1ἓι
1421 981 1453 1112 qq
1477 993 1537 1110 perf
1560 975 1650 1112 apipm
1673 975 1849 1112 cpaphplpeoms
1881 977 2036 1112 antlilstites
2072 995 2141 1112 99919ῃ
2159 975 2394 1112 episcoppesnspeer

632 1099 635 1112 ¹
709 1149 710 1156 ¹
764 1181 767 1188 .
803 1161 804 1166 1
899 1071 1323 1208 capellahndndldfiadrlisthm
1351 1073 1650 1192 dxlallniddtorldlnldt
1678 1073 1847 1192 thdhendm
1874 1073 2396 1210 1119111811ΡΠ99199919111989191]-

899 1227 1017 1268 oensem
1036 1209 1193 1268 Praelatos
1215 1227 1285 1268 suos
1308 1209 1488 1270 domesticos
1509 1215 1714 1286 promotorem
1736 1229 1986 1288 quorumcunque
2009 1213 2046 1270 ad
2069 1229 2169 1270 sacros
2192 1217 2221 1270 et
2241 1212 2396 1288 presbyte-

558 1337 573 1348 ‚.
612 1335 614 1342 ,
767 1359 768 1364 ¹
830 1331 832 1338 .
899 1293 984 1346 ratus
1005 1289 1125 1346 ordines
1146 1287 1317 1364 promoveri
1337 1289 1504 1348 volentium
1526 1289 1556 1346 in
1577 1287 1662 1348 Rom.
1686 1289 1755 1348 Our·
1778 1289 1937 1350 constituit
1958 1311 1992 1350 ac
2016 1291 2108 1368 deput
2129 1293 2150 1350 t.
2186 1287 2280 1366 ,Uum
2301 1307 2395 1366 nuper

518 1421 521 1428 ,
637 1381 649 1422 »ί
812 1379 813 1384 ’
900 1366 929 1424 19
951 1367 1087 1440 generali
1107 1361 1349 1424 reformatione.“
1380 1365 1887 1440 ’111909919963122319

444 1471 447 1480 ’
482 1499 485 1506 ,
578 1469 581 1504 :
721 1455 723 1460 '
841 1441 942 1518 (6032)
965 1445 1101 1518 Fatetur,
1125 1461 1156 1500 99
1178 1445 1214 1500 ab
1236 1443 1364 1504 Alberto
1387 1463 1425 1504 ex
1445 1445 1959 1522 Marehionibus·Brandenburgen.
1982 1447 2088 1506 ldlecto
2108 1445 2343 1522 Magdeburgen.
2366 1453 2395 1506 et
2463 1449 2465 1452 ’

486 1551 489 1560 .
652 1559 654 1566 ,
735 1593 737 1600 Ι
788 1545 793 1560 -·
839 1569 843 1578 ,
899 1521 2299 1600 Η91599919199.19991.101099911.099.999999991999ὺί1991999199919999
2320 1543 2394 1584 999-

898 1605 1035 1658 9919999
1062 1601 1147 1658 Rom.
1176 1599 1299 1658 (iuriam
1327 1603 1518 1678 sequentium
1546 1601 1715 1678 recepisse,
1744 1605 1774 1660 et
1800 1603 1939 1676 mandat,
1969 1607 2004 1662 ut
2030 1603 2061 1662 19
2089 1603 2172 1662 libris
2201 1603 2343 1662 introitus
2366 1611 2393 1664 et

840 1713 843 1716 -
898 1679 996 1738 exitus
1019 1679 1099 1738 dicta
1120 1679 1229 1736 solutio
1253 1677 1443 1740 describatur
1464 1683 1494 1740 et
1515 1681 1689 1740 adnotetur.
1732 1681 1894 1756 ,Patemur
1923 1681 2073 1758 recepisse
2094 1681 2124 1740 in
2145 1683 2274 1758 pecunia
2294 1701 2394 1740 nume-

630 1787 631 1794 *
702 1793 704 1800 ·
807 1811 808 1818 ,
896 1755 991 1818 rata.“
1033 1757 1101 1818 Div.
1124 1755 1299 1816 0999199.
1322 1759 1400 1818 631.
1425 1761 1527 1834 174,b.

440 1845 487 1902 31.
509 1843 581 1902 Dec.
670 1869 733 1890 .-
803 1875 806 1898 .
839 1835 1587 1914 SabbatoiuVigiliaOircumcisionisD.ild.
1610 1837 1946 1912 dirumperentur
1969 1839 2137 1914 Vesperas,
2168 1857 2247 1914 quac
2268 1839 2390 1900 habitae
2436 1901 2437 1904 ,

433 1921 514 1990 (prid.
533 1923 592 1974 Kal.
653 1965 655 1974 .
706 1971 708 1976 ,
812 1941 815 1950 ·
897 1917 1016 1974 suntin
1039 1915 1155 1992 9999119
1174 1933 1257 1974 more
1280 1915 1378 1976 solito.
1419 1917 1527 1974 Finitis
1548 1917 1692 1992 Vesperis
1714 1917 1860 1992 publicati
1887 1919 1957 1976 runt
1978 1917 2049 1976 nori
2071 1917 2213 1976 officiales
2232 1917 2362 1976 Romani
2373 1917 2391 1980 ¹.

420 1991 576 2058 odaucer.)
806 2001 809 2054 Ξ
896 1995 984 2054 Paris
1006 1995 1042 2052 de
1064 1993 1188 2054 Grassis
1209 1995 1229 2056 1.
1251 1995 1297 2052 85.

1463 2197 1773 2206 ———-—-—--——--·

1089 2331 1232 2476 9999
1259 2391 1439 2478 raino
1466 2393 1644 2478 99999
1672 2361 1965 2478 errulum.
2019 2397 2134 2510 1514.

738 2511 741 2518 ⁴
824 2517 950 2626 ¹rma

450 2663 474 2720 l.
489 2661 570 2718 ’.1995
612 2661 723 2720 Romae
737 2661 814 2736 apud
836 2659 927 2716 Peste
950 2655 1192 2716 Oireumcisionis
1214 2655 1249 2718 D.
1271 2657 1428 2718 Dominica
1450 2657 1572 2736 (lapella
1600 2661 1731 2738 Papalis.
1772 2659 1883 2720 Uantat
1908 2661 2030 2722 Missam
2059 2659 2228 2720 Uardinalis
2250 2661 2389 2738 8999991-

428 2735 594 2806 (1191091)
622 2739 651 2800 S.
673 2739 797 2798 Petrum
893 2737 996 2796 liensis
1018 2737 1107 2812 99199.
1129 2733 1340 2796 Ρ999999119.2
1575 2757 1577 2760 ·

646 2819 648 2824 ’
798 2835 800 2840 ’
836 2813 937 2888 (6033)
952 2815 1042 2874 Petro
1058 2813 1242 2886 Β919919191,
1265 2815 1425 2874 Benedicti
1438 2817 1614 2876 Balandrini
1635 2817 1791 2892 scriptoris
1812 2817 1901 2878 fratri
1914 2835 2067 2896 germano,
2090 2817 2207 2876 confert
2228 2817 2388 2880 rectoriam

895 2893 1028 2970 capellae
1049 2893 1083 2952 Β.
1103 2895 1143 2952 Μ.
1165 2893 1363 2970 Magdalenae
1393 2895 1494 2972 oppidi
1515 2895 1552 2954 de
1571 2897 1671 2974 Lopes
1692 2895 1869 2972 Lugdunen.
1901 2899 1997 2956 dioec.
2023 2915 2042 2954 9
2063 2897 2214 2974 Stephano
2237 2897 2387 2956 Berlionis

893 2973 1086 3048 resignatam.
1130 2973 1237 3048 ,Vitae
1265 2991 1300 3030 ac
1327 2969 1462 3032 morum“
1490 2973 1646 3050 (Evangel.
1672 2973 1677 3048 Ι
1702 2973 1788 3034 (irat.
1814 2991 1869 3052 pro
1898 2977 1993 3034 fratre
2021 2975 2124 3052 script.
2151 2977 2180 3034 J.
2203 2973 2385 3036 Oheminart.

438 3119 444 3130 υ
624 3123 627 3126 ,
777 3049 779 3058 ’
894 3051 1818 3128 119991991119999919911911.Α1199.)19.1001130119.
2334 3057 2337 3062 '

451 3127 473 3144 ’“
573 3149 588 3160 ··
613 3141 627 3192 ’,
777 3199 780 3210 ,
836 3129 936 3204 (0034)
958 3129 1245 3190 19199911991999
1275 3133 1311 3192 de
1339 3131 1458 3192 Ursinis
1487 3133 1643 3194 domicello
1665 3133 1800 3192 Romano
1829 3133 2031 3210 quantitatem
2058 3133 2129 3192 salis
2156 3133 2267 3210 grossi,
2297 3151 2384 3210 quam

464 3213 475 3222 ”
511 3207 523 3240 ’“
585 3213 588 3220 ’
623 3201 638 3220 ”
676 3201 682 3222 '
893 3211 1122 3270 communitates
1145 3211 1928 3288 9119991999Β999191991,0999999991,89191991,
1960 3213 2385 3282 19999119909199999119-

833 3327 836 3334 -
893 3307 1020 3366 rumque
1043 3293 1220 3362 castrorum,
1249 3291 1607 3348 19999999911999999
1628 3309 1647 3348 a
1667 3289 1908 3366 praesidentibus
1931 3295 1962 3348 et
1982 3291 2100 3350 clericis
2121 3289 2267 3350 Gamerae
2288 3297 2383 3366 apost.
2480 3339 2482 3348 ,

894 3387 948 3426 999
970 3387 1072 3448 eorum
1094 3367 1272 3426 officialibus
1295 3369 1431 3444 accipere
1453 3369 1565 3442 solent,
1594 3369 1732 3426 concedit
1752 3371 1782 3426 91
1802 3369 1969 3428 liberaliter
1990 3369 2141 3428 99919991
2162 3369 2307 3428 mandans
2328 3369 2384 3428 eis-

801 3445 804 3452 '
893 3447 960 3504 dem
970 3447 1223 3526 praesidentibus,
1246 3447 1362 3506 clericis
1382 3451 1412 3506 91
1426 3447 1613 3520 officialibus,
1635 3451 1671 3506 ut
1685 3447 1776 3506 salem
1790 3465 1874 3504 more
1893 3447 1981 3508 solito
1997 3449 2112 3524 absque
2126 3449 2228 3524 aliqua
2241 3447 2382 3526 9999919-

893 3543 957 3582 999
980 3525 1129 3584 solutione
1151 3523 1263 3584 eisdem
1284 3525 1552 3586 communitatibus
1567 3529 1597 3584 et
1611 3525 1781 3584 hominibus
1796 3525 1962 3600 assignent.
1991 3527 2112 3604 ,Exigit
2126 3531 2197 3586 tuae
2216 3527 2382 3588 nobilitatis

893 3603 922 3660 in
942 3603 1005 3662 Nos
1027 3603 1332 3682 91199998149991.
1354 3601 1478 3664 89199]ιι
1502 3603 1657 3678 (3991999)
1679 3603 1745 3662 Dir.
1767 3603 1849 3664 (iam.
1871 3609 1943 3664 tom.
1966 3609 2001 3664 63
2023 3603 2043 3666 1.
2068 3609 2131 3666 193.

834 3681 936 3756 (6085)
950 3681 1149 3742 Octavianum
1163 3683 1342 3758 Pregosium
1358 3683 1693 3742 (19999991991199999
1713 3687 1824 3756 monet,
1846 3687 1880 3742 ut
1894 3683 2049 3762 praesules
2064 3685 2266 3762 doctoresque
2281 3683 2382 3744 1191199

891 3761 1045 3820 venientes
1067 3763 1104 3820 ad
1118 3761 1230 3820 Urbem
1252 3761 1422 3822 schismatis
1444 3763 1567 3822 tollendi
1582 3781 1674 3822 causa
1689 3761 1752 3820 sine
1767 3763 1827 3820 ullo
1849 3761 2062 3840 impedimento
2081 3783 2135 3842 per
2149 3763 2304 3840 Liguriam
2325 3763 2382 3822 iter

656 3863 658 3870 ·
743 3895 747 3902 ,
890 3839 990 3900 199999
1018 3841 1098 3900 91991
1124 3859 1185 3898 999
1213 3859 1280 3900 999
1302 3841 1443 3918 ablegato
1463 3841 1621 3900 Pontificio
1650 3841 1709 3900 illis
1737 3841 1856 3900 obviam
1882 3843 1983 3900 misso.
2027 3843 2181 3916 ,Veniunt
2211 3843 2250 3900 ad
2270 3843 2380 3904 Urbem

427 3939 429 3946 ’
475 3935 517 3996 j}
559 3973 569 3996 ,a
612 3921 660 4000 '„
855 3917 857 3924 ’
890 3921 984 4052 idque
1005 3919 1043 3978 ad
1063 3917 1126 3978 Nos
1148 3939 1163 3978 9
1185 3919 1284 3978 Gallia
1305 3917 1508 3998 transalpina“
1533 3917 1692 3992 (Bembus)
1713 3919 1767 3978 111.
1788 3919 1895 3980 Bemb.
1913 3921 1947 3978 L.
1969 3921 2014 3978 VI
2037 3939 2082 3998 99.
2104 3923 2141 3980 20
2162 3941 2190 3998 9.
2213 3921 2259 3978 41.
2301 3919 2381 3980 Uitat
2458 3917 2460 3924 '

485 3999 489 4008 '
520 4051 522 4058 .
675 4051 678 4058 ,
776 4015 779 4020 ·
917 3999 1081 4056 999119.
1107 3999 1179 4056 1514
1199 4017 1227 4056 n.
1250 3999 1286 4056 4.·

536 4075 540 4082 ’
584 4073 594 4084 ’“
747 4125 750 4134 ,
806 4017 1114 4156 ,(6036)Η1’99991999
1138 4075 1173 4134 19
1194 4077 1386 4136 Minorbortis
1418 4075 1504 4150 (alias
1526 4077 1562 4134 de
1583 4075 1785 4150 Minerbettis)
1815 4077 2027 4136 archidiacono
2049 4077 2195 4138 ecclesiae
2216 4077 2379 4138 Florentin.

890 4151 1031 4212 familiari
1052 4159 1081 4212 et
1102 4155 1287 4212 cubiculario
1310 4161 1425 4214 secreto
1448 4173 1512 4214 suc.
1535 4187 1571 4196 —
1591 4155 1767 4212 Alexander
1788 4155 1846 4214 ΡΡ.
1866 4155 1920 4216 VI.
1943 4159 2094 4232 quondam
2117 4157 2250 4218 Thomee
2272 4157 2308 4218 de
2328 4155 2381 4216 Mi-

890 4233 1054 4304 norbortis,
1082 4233 1161 4308 patri
1187 4233 1318 4308 praelati
1338 4233 1494 4292 Francisei
1520 4239 1550 4292 91
1580 4233 1632 4290 991
1654 4233 1892 4294 exoratoribus
1914 4235 2046 4294 civitatis
2066 4236 2201 4296 Florent.
2222 4235 2262 4296 ad
2282 4237 2379 4314 ipsum

871 4311 1056 4386 destinatis,
1080 4329 1168 4386 quem
1190 4311 1338 4386 dignitate
1359 4312 1483 4372 militari
1498 4311 1659 4382 decoravit,
1679 4311 1731 4388 jus
1745 4316 1926 4390 patronatus
1942 4319 1972 4374 et
1993 4315 2206 4390 praesentandi
2220 4333 2378 4390 personam

890 4389 1026 4448 idoneam
1056 4389 1095 4448 ad
1123 4389 1243 4466 paroch.
1274 4389 1432 4450 ecclesiam
1457 4391 1564 4466 plebem
1593 4397 1800 4468 nuncupatam
1830 4391 1857 4450 S.
1886 4393 2036 4452 Johaunis
2062 4393 2188 4470 Majoris
2215 4395 2378 4452 Florentio.

703 4521 705 4528 ,
769 4471 771 4476 ’
890 4469 983 4528 dioec.
1007 4469 1161 4542 concessit,
1184 4467 1279 4528 91500
1295 4467 1363 4530 duc.
1386 4489 1440 4544 pro
1461 4469 1653 4546 reparatione
1674 4471 1761 4530 istius
1784 4471 1927 4530 ecclesiae
1949 4475 2115 4550 exponeret
2136 4475 2165 4530 91
2183 4473 2264 4532 bone
2277 4471 2379 4530 immo·

849 4565 851 4570 ·
890 4545 961 4606 bilia
982 4547 1092 4606 valoris
1114 4549 1170 4606 200
1193 4547 1259 4606 duc.
1280 4565 1335 4622 pro
1358 4549 1436 4608 dotis
1457 4551 1618 4626 augmento
1640 4549 1818 4624 assignaret.
1859 4547 1935 4608 Oum
1964 4549 2378 4610 119199119999500199.

677 4631 711 4654 ”
797 4677 799 4680 .
848 4645 849 4650 ’
890 4625 1064 4700 exposuerit
1085 4625 1212 4702 ejusque
1232 4625 1312 4684 filius
1334 4627 1514 4686 Franciscus
1532 4625 1622 4702 juxta
1643 4627 1780 4686 ultimam
1799 4629 1945 4704 genitoris
1967 4629 2154 4688 voluntatem
2174 4629 2378 4690 bonavaloris

798 4707 821 4748 ἰ
890 4705 945 4762 200
966 4705 1032 4764 199.
1054 4705 1207 4778 assignare
1227 4707 1353 4778 paratus
1376 4705 1424 4778 sit,
1447 4707 1544 4764 eidem
1559 4707 1721 4764 Franciseo
1743 4709 1773 4764 et
1788 4707 1928 4766 Andreae
1946 4707 2035 4766 fratri
2057 4707 2124 4782 ejus
2137 4725 2256 4766 necnon
2276 4707 2379 4764 haere-

889 4781 975 4842 dibus
1003 4785 1033 4840 et
1060 4781 1283 4840 successoribus
1310 4799 1348 4840 ex
1375 4783 1489 4842 familia
1517 4783 1553 4842 de
1572 4783 1762 4844 Minerbettis
1791 4785 1903 4842 dictum
1928 4785 1980 4860 jus
2011 4785 2178 4844 confirmat.
2222 4785 2378 4858 ,81999999

888 4859 1055 4920 1999119919
1077 4855 1221 4918 affectus“
1242 4859 1458 4932 (Uastilioneus
1478 4859 1584 4934 ((1991.
1609 4861 1644 4920 de
1665 4863 1764 4920 mand.
1787 4861 1815 4920 S.
1829 4863 1866 4920 D.
1886 4863 1920 4920 L.
1936 4863 2127 4924 19Β9911919,
2150 4863 2268 4922 Gomiel
2286 4863 2290 4930 l
2308 4863 2378 4922 Val-

886 4939 996 4998 leoleti.
1026 4937 1106 5088 conl
1130 4935 1247 5010 Attae.)
1268 4937 1302 4996 L.
1325 4941 1380 4998 908
1408 4941 1428 4998 1.
1452 4941 1516 4998 239.
1558 4939 1702 4998 Archivio
1730 4941 1759 4998 di
1787 4941 1872 4998 81919
1900 4941 1929 4998 11
1950 4941 2077 5002 1199999
2105 4941 2244 5016 (Proven.
2275 4941 2302 5002 S.
2325 4941 2377 5000 Sil-

821 5029 824 5038 *
876 5021 960 5076 ¹vest.
983 5019 1013 5076 di
1033 5019 1116 5076 Fir..
2301 5023 2304 5028 '

863 5235 864 5238 ,
929 5193 941 5250 ,1
962 5193 1020 5260 „Ex
1040 5193 1139 5258 quibus
1159 5193 1212 5244 duo
1231 5211 1311 5262 super
1327 5195 1509 5246 antecedentia
1524 5195 1725 5262 contenderunt,
1745 5199 1770 5246 et
1784 5195 1859 5262 Papa
1873 5197 2020 5262 urendavit,
2039 5197 2111 5262 quod
2130 5199 2224 5246 neuter
2236 5197 2373 5262 legeretur,

827 5277 861 5314 ne
886 5267 925 5316 919
949 5267 978 5314 19
1002 5263 1112 5328 legendo
1132 5267 1257 5328 prioritas
1283 5265 1446 5316 iudicaretur
1453 5283 1460 5334 3
1484 5269 1629 5316 reservavit
1646 5267 1701 5318 sibi
1719 5267 1794 5332 Papa
1811 5271 2039 5334 praepositionem
2058 5267 2170 5318 dandam
2190 5271 2230 5334 ci,
2258 5269 2304 5332 qui
2323 5269 2374 5318 sibi

767 5343 768 5350 ’
828 5329 987 5386 videretur.“
1004 5363 1008 5370 ·
1024 5337 1054 5384 P.
1075 5335 1107 5384 de
1126 5333 1233 5386 Graecis
1252 5337 1269 5384 l.
1290 5351 1312 5386 9.
2212 5393 2217 5398 ,

562 5465 564 5474 .
771 5423 774 5434 ⁴
845 5425 847 5430 ’
931 5403 941 5438 ²
959 5407 1035 5472 Papa
1048 5403 1155 5456 mandat
1169 5407 1218 5456 sub
1234 5409 1521 5456 excommunicationis
1535 5421 1623 5472 poena
1636 5407 1767 5472 Magistro
1782 5405 1809 5458 S.
1823 5407 1863 5472 P,
1882 5413 1912 5458 ut
1926 5423 1980 5472 eos,
2002 5411 2048 5472 qui
2067 5411 2095 5458 in
2114 5407 2215 5474 capelle
2233 5409 2374 5460 Pontificio

809 5485 977 5532 ¹sermonem
997 5479 1050 5526 siut
1069 5475 1174 5542 facturi,
1194 5475 1244 5526 sub
1263 5475 1356 5526 eadem
1375 5493 1461 5544 poena
1480 5477 1927 5542 scriptumsibiexhiherejubeot,
1948 5483 1974 5528 et
1988 5483 2116 5544 amputet,
2137 5477 2268 5544 quidquid
2287 5481 2373 5530 minus

828 5547 919 5598 decere
937 5547 1074 5610 videatur,
1100 5547 1125 5594 et
1145 5547 1245 5612 deleat,
1271 5549 1294 5596 si
1314 5547 1379 5610 quid
1398 5549 1434 5598 sit
1452 5551 1479 5598 in
1497 5547 1604 5598 laudem
1622 5547 1713 5612 Papae
1731 5549 1788 5596 sive
1805 5549 1897 5612 potius
1916 5547 2076 5598 allusionem
2096 5553 2142 5598 aut
2159 5547 2328 5614 applausum,
2348 5553 2373 5598 et

827 5631 887 5668 eum
906 5631 920 5668 e
938 5617 1044 5686 pulpito
1064 5615 1161 5682 ejiciat,
1181 5617 1648 5684 99199991991991991999991919
1667 5615 1769 5683 aliquid
1789 5615 1866 5666 dicat.
1904 5619 1934 5670 P.
1955 5615 2151 5670 1909999191.
2170 5619 2211 5670 81.
