5426 6726
460 255 545 322 um
614 239 619 258 “

459 479 537 562 cos,
567 453 609 538 in
640 449 822 534 confosso
854 459 923 560 est,
955 461 1041 534 tum
1070 452 1332 564 plurimorum
1364 455 1523 538 utilium
1556 463 1678 564 atque
1707 455 1926 564 insignium
1956 483 2122 566 operum
2146 455 2437 540 validissimum

457 595 765 704 fundamentum
796 649 842 702 ac
872 619 1112 732 praesidium
1138 627 1224 702 tum
1250 625 1440 732 optimam
1465 621 1738 708 Romanorum
1761 621 2003 706 Pontificum
2026 623 2298 708 defensionem
2323 625 2437 708 nobi-

446 789 712 900 'lissimasque
743 801 882 876 contra
914 791 1220 876 calumniatores
1251 793 1443 876 vindicias
1475 821 1614 876 eorum
1645 791 1798 874 actibus
1831 791 2008 900 publicis,
2045 791 2211 874 decretis
2244 801 2283 876 et
2312 791 2436 874 literis

456 963 654 1046 contineri
685 971 723 1044 et
754 963 953 1044 constitui.

623 1129 778 1214 Verum
815 1131 908 1216 huic
946 1131 1195 1216 voluminum
1234 1133 1348 1216 seriei
1386 1161 1436 1214 ex
1474 1131 1670 1212 ditissimo
1713 1129 1824 1212 fonte
1865 1129 2133 1212 desumendae
2172 1157 2433 1240 praecurrens

450 1299 536 1410 jam
575 1299 723 1382 Leonis
755 1299 805 1382 X.
842 1299 1152 1412 praedecessoris
1191 1299 1268 1384 Tui
1299 1299 1474 1410 Regesta
1504 1299 1743 1410 publicanda
1776 1299 1911 1380 censui
1941 1329 1962 1380 e
1992 1297 2174 1380 ducentis
2204 1299 2372 1408 triginta
2395 1309 2433 1380 et

454 1467 624 1576 amplius
657 1463 768 1548 libris
800 1467 1080 1578 manuscriptis
1112 1467 1361 1578 deprompta,
1394 1469 1536 1576 quiin
1566 1467 1679 1550 Sedis
1710 1467 1964 1578 Apostolicae
1996 1467 2174 1578 Tuisque
2204 1467 2430 1550 Tabulariis

454 1643 729 1746 asservantur,
769 1639 855 1746 ipsa
894 1641 952 1720 rei
983 1635 1215 1720 difficultate
1244 1637 1420 1746 illectus,
1460 1665 1563 1746 qnae
1601 1665 1651 1718 ex
1681 1637 1854 1748 pessimo
1886 1665 2004 1746 saepe
2035 1639 2253 1746 scripturae
2283 1665 2431 1746 genere

452 1815 623 1914 angetur
653 1803 774 1914 longe
803 1833 827 1888 a
859 1803 1130 1890 characterum
1160 1803 1356 1916 prioribus
1388 1805 1555 1888 sacculis
1586 1807 1822 1890 usitatorum
1854 1805 2055 1916 elegantia
2084 1813 2249 1890 remoto.

607 1973 691 2058 Leo
716 1971 768 2056 X.
791 2003 887 2058 sane
914 1977 947 2058 is
973 1983 1032 2058 est
1054 1973 1252 2084 Pontifex,
1285 1975 1353 2082 qui
1375 1977 1496 2058 aetati
1519 2003 1614 2058 suae
1643 2005 1688 2058 ac
1709 1977 1919 2062 recentiori
1943 2003 2042 2058 aevo
2064 2003 2211 2058 nomen
2238 1975 2428 2060 indidisse

451 2143 697 2252 censebatur,
728 2145 842 2254 cujus
863 2173 935 2252 pro
953 2145 1068 2228 bonis
1090 2145 1244 2228 artibus
1263 2145 1467 2250 literisque
1489 2143 1793 2228 humanioribus
1811 2147 2023 2228 conamina
2045 2145 2110 2228 uel
2132 2147 2208 2256 ipsi
2226 2145 2427 2228 Ecclesiae
2540 2211 2544 2224 .

450 2313 585 2398 hostes
613 2323 882 2424 suspexerunt
908 2315 1056 2422 quique
1079 2315 1311 2396 meritorum
1337 2315 1568 2396 aestimator
1596 2315 1767 2424 optimus
1787 2313 1838 2394 ad
1858 2343 2034 2398 summos
2057 2313 2229 2398 honores
2250 2313 2426 2398 doctissi-

448 2511 535 2568 mos
563 2511 744 2592 quosque
775 2511 820 2566 ac
851 2481 1143 2566 cordatissimus
1168 2485 1274 2568 uiros
1304 2485 1437 2564 evexit
1465 2485 1655 2592 regiaque
1685 2481 1956 2566 munificentia
1979 2481 2088 2566 aluit.
2135 2481 2212 2566 Vel
2236 2485 2312 2596 ipsi
2340 2485 2424 2594 ejus

447 2655 638 2766 temporis
668 2649 887 2764 scriptores
914 2653 1134 2762 apostolici,
1175 2655 1278 2736 inter
1315 2681 1416 2762 quos
1457 2647 1656 2764 praeclara.
1685 2651 1830 2736 Jacobi
1860 2645 2037 2736 Sadoleti
2075 2665 2113 2734 et
2141 2651 2252 2736 Petri
2280 2651 2424 2734 Bembi

447 2823 613 2904 nomina
647 2821 909 2934 praefulgent,
939 2851 1127 2932 magnam
1160 2819 1494 2906 existimationem
1524 2825 1633 2906 nacti
1656 2833 1750 2904 sunt
1781 2831 1821 2904 et
1843 2817 2168 2904 admirationem«
2209 2813 2421 2904 Praeterea

444 2991 487 3076 in
519 3021 564 3076 eo
595 2991 837 3076 Pontificatu
866 3023 948 3078 uno
979 2993 1104 3078 veluti
1135 2995 1278 3078 obtutu
1307 2991 1743 3102 menscontemplatur
1766 2991 1986 3074 Ecclesiam
2012 2993 2157 3076 veteris
2189 2985 2305 3102 orbis,
2340 3021 2420 3102 qua

444 3165 524 3246 late
554 3167 696 3274 patuit,
732 3165 817 3274 jam
856 3191 963 3248 novo
995 3165 1091 3246 orbe
1121 3155 1292 3248 ad‘fidei
1322 3165 1461 3248 lumen
1491 3171 1673 3272 evocato,
1712 3173 1806 3246 ante
1835 3191 2026 3270 magnam
2057 3161 2169 3246 illam
2201 3159 2263 3246 tot
2291 3191 2418 3274 popu-

443 3327 574 3412 lorum
605 3331 657 3414 ab
689 3333 853 3414 unitatis
884 3339 1019 3414 centro
1050 3339 1089 3414 et
1117 3361 1141 3414 a
1172 3343 1278 3416 recta
1298 3333 1377 3416 fide
1400 3333 1671 3442 defectionem,
1702 3331 1906 3442 Angliam,
1939 3331 2123 3444 Scotiam,
2159 3333 2416 3416 Germaniam

441 3499 670 3582 inferiorem
703 3511 741 3582 et
771 3501 1026 3612 superiorem,
1056 3531 1182 3612 regna
1211 3501 1500 3587 Scandinavica
1529 3501 1710 3584 nondum
1739 3501 1881 3584 avulsa
1910 3503 1960 3586 ab
1985 3533 2067 3586 uno
2091 3505 2277 3588 cotbcclru
2298 3531 2415 3614 super
2471 3561 2475 3568 »

440 3669 604 3752 Petrum
634 3669 801 3752 Domini
830 3699 917 3752 once
937 3669 1126 3780 fundato,
1158 3699 1277 3782 qnam
1307 3681 1515 3782 tantopere
1547 3669 1641 3754 olim
1665 3671 1751 3782 jam
1782 3671 1819 3754 S.
1851 3667 2086 3784 Cyprianus
2112 3671 2339 3756 celebrabat
2375 3683 2414 3756 et

443 3837 492 3920 de
515 3865 602 3948 ‘qua
632 3867 770 3920 earum
799 3841 1009 3920 nationum
1038 3837 1208 3948 apostoli
1238 3837 1289 3918 ad
1319 3867 1458 3922 unum.
1477 3869 1614 3924 omnes
1647 3843 1839 3950 exierunt,
1870 3845 2102 3928 innumeras
2126 3843 2298 3952 denique
2323 3871 2412 3954 per-

440 4035 557 4092 sonas
597 4017 727 4092 aetate
766 4005 835 4090 illa
874 4007 1211 4090 calamitosissima
1248 4009 1367 4090 variis
1408 4011 1638 4092 nominibus
1678 4009 1851 4092 celebres
1889 4011 1998 4092 uidet
2037 4011 2113 4092 sibi
2144 4019 2407 4108 occurrentes.

438 4177 512 4262 His
551 4179 630 4260 alia
668 4179 831 4288 gravior
866 4187 914 4260 ¹ct
951 4177 1090 4260 fortior
1126 4179 1227 4260 ratio
1268 4175 1427 4260 accedit.
1486 4177 1605 4260 Haud
1643 4179 1812 4288 exiguae
1847 4179 1890 4260 in
1929 4177 2109 4262 Leonem
2131 4175 2183 4260 X.
2213 4179 2408 4288 impactae

437 4347 549 4428 fuere
572 4347 804 4456 calumniae,
838 4351 951 4456 quasi
983 4349 1068 4456 ipse
1089 4347 1293 4428 literarum
1314 4347 1451 4429 fautor
1473 4357 1512 4428 et
1534 4359 1725 4458 patronus
1749 4347 2009 4458 profanarum
2036 4375 2100 4430 res
2125 4345 2405 4430 ecclesiasticas

438 4525 477 4600 et
507 4543 638 4600 sacras
678 4545 841 4626 prorsus
873 4515 1108 4626 neglexerit,
1146 4515 1347 4598 flammam
1379 4515 1566 4600 haeretici
1597 4517 1794 4626 dogmatis
1834 4525 2085 4602 enascentem
2116 4515 2223 4598 haud
2256 4519 2405 4600 exstin-

434 4717 559 4800 guere
588 4683 825 4798 cogitaverit
863 4677 902 4770 ct
932 4685 1078 4770 saeculi
1107 4695 1263 4770 tantum
1295 4687 1511 4770 commodis
1553 4695 1592 4770 et
1629 4689 1784 4798 pompis
1816 4697 1854 4770 et
1883 4687 2004 4770 lucris
2042 4713 2204 4796 operam
2242 4683 2401 4770 dederit.

433 4857 588 4940 Verum
620 4857 705 4966 ejus
735 4857 873 4938 literae
904 4867 942 4940 et
973 4857 1209 4938 documenta
1239 4857 1425 4964 probant,
1459 4859 1653 4962 quantum
1685 4855 1719 4936 ei
1751 4853 1860 4936 cordi
1889 4855 2008 4936 fuerit
2039 4851 2244 4962 religIonis
2267 4881 2400 4936 sacrae

431 5023 639 5134 tutandae,
683 5023 980 5106 conservandae
1020 5031 1059 5106 et
1097 5021 1398 5134 amplificandae
1440 5023 1632 5132 studium,
1678 5031 1873 5130 quantum
1914 5025 2097 5108 decorem
2141 5021 2283 5106 domus
2321 5023 2399 5106 Dei

431 5193 613 5276 dilexerit
644 5203 681 5274 et
712 5193 923 5276 candorem
953 5197 1174 5276 animarum
1207 5195 1347 5304 quovis
1380 5205 1545 5278 externo
1576 5193 1785 5304 splendore
1816 5193 1945 5276 adhuc
1967 5193 2252 5304 pretiosiorem.
2303 5189 2396 5304 lpse

430 5391 526 5478 sane
547 5363 861 5446 mansuetudine
893 5367 1076 5472 primum,
1108 5361 1262 5448 deinde'
1280 5357 1451 5474 cogente⁴
1478 5361 1694 5472 apostolico
1718 5359 1883 5446 munere
1908 5361 2046 5474 judicii
2071 5361 2280 5444 seueritate
2303 5361 2395 5445 fidei

427 5529 603 5640 pericula
632 5541 811 5614 avertere
841 5521 1010 5640 studuit,
1048 5531 1294 5642 regularium
1331 5530 1488 5616 ordines
1518 5533 1569 5616 ad
1599 5533 1806 5642 pristinam
1827 5531 2088 5646 ‘disciplinam
2126 5541 2164 5616 et
2193 5537 2391 5618 sanctiora
