5426 6726
860 285 999 360 ANNO
1025 285 1181 360 PRIMO
1208 285 1371 360 MENSE
1400 285 1665 360 JANUARIO.
1724 285 1833 358 1514.

367 445 702 454 -—-—.—.—..........--..-.

775 531 892 612 1514.

309 681 311 686 ·
380 669 423 724 90.
446 667 516 724 166.
595 669 709 726 Romae
776 671 878 746 (6495)
906 673 1037 732 01661611
1058 675 1232 734 66666666.
1253 673 1392 748 mandat,
1421 677 1456 732 ut
1476 673 1569 732 Petro
1591 675 1704 734 [tomen
1730 695 1836 734 canon.
1859 675 1968 734 Oscen.
1994 673 2271 732 archidiaconatum
2299 675 2337 732 66

378 743 437 804 (111.
456 745 517 794 Kal.
611 747 693 820 apud
833 753 1008 828 Lampurda
1028 753 1059 812 in
1082 753 1153 810 eccl.
1175 753 1349 810 66666666.
1370 753 1575 826 resignatione
1596 751 1680 810 Petri
1703 753 1838 812 6611666
1858 773 1922 814 vac.
1946 753 2091 826 conferat,
2114 751 2138 810 si
2161 749 2198 808 ad
2219 751 2276 808 boc
2297 753 2336 810 sit

401 813 492 878 11111)
567 823 594 882 S·
616 825 741 882 Petrum
833 831 969 890 idoneus.
1013 825 1180 906 „Dignum“
1205 829 1338 902 (Benzou
1357 825 1361 900 l
1378 825 1545 900 Nardinus)
1567 829 1658 888 Aroh.
1679 831 1748 888 Lat.
1770 835 1842 890 tom.
1864 835 1900 888 22
1922 831 1943 888 1.
1967 831 2072 904 6316.

393 933 426 940 -·
469 933 504 942 -
635 933 669 942 -
776 907 878 980 (6496)
899 909 1065 966 Laurentio
1081 909 1229 966 Johannis
1250 909 1368 966 Nicolai
1391 909 1426 966 de
1447 907 1578 966 Romera
1599 907 1671 966 Ord.
1688 909 1749 966 11.
1769 909 1803 966 B.
1818 909 1857 968 M.
1872 909 1909 970 V.
1933 909 1970 966 de
1991 909 2093 966 Monte
2109 907 2246 966 Sarmelo
2268 923 2338 980 pro·

833 987 943 1044 sessori
963 987 1063 1062 presb.
1085 987 1237 1060 indulget,
1265 989 1301 1044 ut
1321 985 1498 1042 beneficium
1523 983 1611 1042 etiam
1640 1003 1708 1042 cum
1730 1003 1802 1044 cura
1823 1005 1877 1062 per
1898 987 2025 1046 clericos
2048 987 2217 1044 saeculares
2239 983 2337 1042 teneri

834 1065 957 1122 solitum
985 1065 1123 1198 66116666
1150 1065 1260 1122 valcat.
1304 1061 1486 1138 „Religionis
1514 1057 1613 1122 zelus“
1644 1059 1837 1136 (Lambertus
1864 1063 1946 1140 ΙΡ6.
1969 1067 2005 1124 66
2026 1061 2124 1138 66616)
2154 1061 2245 1122 Aroh.
2267 1061 2334 1120 161.

833 1145 906 1200 tom.
930 1143 964 1200 19
1001 1143 1085 1200 ,219
1105 1145 1134 1202 6.

776 1217 995 1292 (6491-6496)
1021 1191 1137 1280 166666
1160 1219 1596 1294 06661661661616616666.
1618 1219 1712 1278 61666.
1733 1237 1797 1294 666.
1820 1219 1977 1278 ecclesiam
2000 1221 2027 1280 S.
2049 1221 2133 1280 Petri
2155 1219 2336 1280 6611666166

835 1317 927 1374 supra
947 1297 1056 1356 Albam
1076 1299 1245 1374 Lingonen.
1267 1299 1359 1356 dioec.
1388 1315 1456 1354 cum
1484 1299 1557 1356 6661.
1586 1317 1705 1356 annexa
1727 1297 1934 1372 resignatione
1956 1299 2103 1358 Johannis
2132 1299 2172 1356 66
2192 1299 2257 1374 Ray
2283 1317 2334 1356 va·

834 1379 954 1434 cantem
980 1375 1017 1434 66
1046 1379 1163 1434 certum
1191 1379 1309 1452 tempus
1340 1375 1532 1434 sommendat
1559 1377 1589 1432 61
1610 1375 1719 1434 661666
1746 1375 1873 1434 confert.
1917 1373 2142 1450 ,Laudabilia‘⁴.
2184 1375 2334 1434 Sacristae

835 1455 946 1512 saecul.
974 1457 1005 1512 et
1033 1453 1137 1528 colleg.
1167 1455 1239 1512 eccl.
1268 1453 1296 1512 S.
1322 1453 1434 1512 Nicetii
1460 1453 1640 1522 Lugdunen.
1669 1453 1763 1512 dioec.
1792 1457 1826 1512 61
1850 1453 1937 1512 0166.
1965 1455 2082 1512 Eduen.
2110 1461 2139 1512 61
2166 1455 2333 1530 Lingonen.

834 1533 1145 1668 exe⁰Ul1⁰⁰gmliffil
1189 1531 1304 1606 „Hodie
1325 1533 1375 1590 dil.
1394 1527 1473 1590 fili0“
1497 1531 1555 1606 (De
1577 1531 1605 1590 S.
1620 1531 1771 1590 Severius.
1792 1533 1838 1590 De
1860 1531 1888 1590 S.
1903 1531 2041 1606 Agnellis
2061 1529 2220 1608 ΙΝ66616.)
2240 1531 2334 1590 Arcb.

833 1611 980 1668 Latro.
1033 1611 1197 1668 ..12·1.
1222 1611 1255 1668 16
1277 1611 1305 1668 b.

776 1685 876 1762 (6499)
905 1687 966 1744 Pro
994 1707 1059 1762 par.
1088 1653 1215 1744 ecclbsia
1240 1653 1268 1746 S.
1297 1687 1410 1744 Mariae
1441 1687 1478 1746 de
1506 1685 1626 1746 066666
1654 1707 1749 1764 66666
1775 1691 1806 1746 61
1833 1689 1921 1746 extra
1949 1705 2051 1746 muros
2078 1689 2265 1760 Ferrarien.‚
2296 1689 2334 1746 ed

835 1785 925 1842 quam
951 1767 1032 1838 Mag.
1057 1765 1234 1824 Dominious
1263 1767 1300 1824 de
1328 1763 1495 1824 Oomitibus
1524 1763 1590 1840 ejus
1618 1767 1689 1824 eccl.
1717 1769 1818 1824 rector
1845 1765 2028 1840 singularem
2057 1765 2136 1842 gerit
2166 1767 2334 1824 deuotionis

833 1845 988 1918 affectum,
1009 1845 1178 1920 indulgent.
1201 1843 1347 1902 concedit.
1391 1845 1486 1918 ,Dum
1508 1839 1679 1920 praecelsal
1711 1843 1816 1918 (161666
1844 1841 2333 1916 Β66ο1166)Α666.161.661.6.

833 1923 854 1980 f.
878 1923 942 1994 165,
953 1923 982 1980 6.

776 1997 878 2072 (6566)
908 2001 1083 2058 Primicerio
1112 2001 1183 2058 eccl.
1211 1997 1410 2058 Mediolanen.
1437 2001 1577 2070 mandat,
1607 2005 1642 2058 ut
1672 2001 1884 2058 canonicatum
1915 2001 1946 2058 61
1975 2001 2078 2072 66666.
2108 2001 2179 2058 oool.
2207 1999 2237 2058 S.
2265 2000 2335 2058 Ale·

833 2079 942 2136 xandri
971 2079 1006 2136 66
1033 2079 1130 2136 16666
1157 2081 1188 2136 61
1215 2075 1411 2152 capellaniam
1442 2079 1480 2136 66
1508 2079 1604 2136 611666
1632 2079 1658 2136 6.
1687 2077 1863 2154 1666661.
1891 2079 1923 2134 in
1952 2077 2022 2136 6661.
2052 2077 2080 2136 6.
2102 2077 2270 2136 Alexandri
2298 2079 2334 2136 de

833 2157 963 2214 Robiate
984 2157 1120 2214 locorum
1147 2155 1326 2230 Pergamen.
1347 2155 1598 2214 6111661616666.
1620 2157 1715 2216 dioec.
1736 2155 1942 2232 resignatione
1961 2155 2113 2214 Desiderii
2133 2157 2171 2214 66
2190 2157 2334 2230 Ayroldis

834 2235 873 2292 66
898 2235 1027 2292 11661616
1054 2253 1119 2292 666.
1141 2233 1317 2292 Sebastiano
1346 2233 1383 2292 66
1403 2233 1547 2308 66661616
1577 2235 1612 2292 66
1639 2235 1767 2292 11661616
1795 2235 1941 2292 66666166
1969 2233 2115 2292 ecclesiae
2136 2235 2165 2292 S.
2184 2235 2269 2292 Petri
2297 2235 2334 2292 66

833 2311 1001 2446 Bebulcbof
1019 2311 1220 2370 Mediolanen.
1251 2313 1344 2370 dioec.
1375 2313 1523 2370 conferat.
1574 2307 1738 2386 ,Dignum“
1772 2311 1897 2386 (Planoa
1922 2309 1926 2386 Ι
1950 2307 2117 2382 Nardinus)
2147 2311 2239 2372 Aroh.
2267 2313 2334 2370 Lat.

833 2392 906 2448 tom.
929 2391 964 2448 11
1001 2391 1115 2449 ,126

646 2495 672 2502 -
776 2465 994 2540 (osor-6502)
1022 2437 1179 2526 Debiderio
1208 2467 1245 2526 de
1266 2467 1409 2544 Ayroldis
1437 2469 1473 2526 de
1500 2469 1631 2526 Robiate
1658 2469 1728 2526 clcr.
1750 2469 1951 2526 Mediolanen.
1973 2467 2067 2526 dioec.
2096 2483 2266 2538 regressum
2296 2469 2334 2526 66

836 2547 932 2604 616166
953 2547 1166 2604 canonicatum
1187 2549 1218 2604 et
1238 2547 1341 2620 praeb.
1363 2565 1397 2604 ac
1419 2547 1617 2618 capellaniam
1640 2547 1785 2604 concedit.
1829 2545 1937 2622 „Vitae
1959 2565 1995 2604 ao
2015 2541 2162 2604 morum“.
2203 2545 2332 2604 Exeout.

835 2625 969 2700 deputat.
1007 2623 1122 2696 „Hodie
1138 2623 1187 2682 dil.
1202 2619 1280 2682 fili0“
1298 2623 1430 2696 (Plance.
1445 2625 1587 2698 Bregeon
1604 2623 1608 2688 1
1625 2621 1764 2696 1166616.)
1785 2623 1878 2682 Aroh.
1893 2625 1961 2682 Lat.
1977 2627 2049 2682 tom.
2065 2627 2102 2682 20
2121 2623 2142 2682 1.
2160 2625 2253 2698 'lass
2270 2641 2332 2700 seq.

776 2699 877 2774 (6503)
905 2701 1077 2760 Abbatibus
1098 2703 1350 2760 monasteriorum
1372 2703 1409 2760 de
1428 2701 1564 2760 Velhaoo
1593 2705 1623 2760 et
1651 2703 1688 2760 de
1708 2703 1829 2778 Figiaco
1852 2701 2013 2760 Oaturcen.
2036 2701 2130 2760 dioec.
2157 2721 2190 2760 ac
2213 2701 2332 2760 cuidam

834 2781 979 2838 canonico
1002 2781 1073 2844 eccl.
1094 2781 1265 2838 Ruthenon.
1287 2781 1417 2852 mandat,
1439 2783 1474 2838 ut
1496 2781 1635 2854 querelas
1656 2785 1763 2838 contra
1780 2781 1975 2838 1666616666
1998 2781 2087 2856 episc.
2110 2779 2280 2838 Rutheuen.
2302 2785 2332 2838 et

833 2859 953 2932 aliquos
974 2857 1085 2916 fratres
1106 2859 1238 2916 minores
1261 2863 1392 2928 exortas,
1415 2859 1467 2934 qui
1487 2859 1705 2916 monasterium
1725 2859 1902 2916 monialium
1923 2857 2022 2916 Villae
2045 2857 2190 2916 Anullani
2205 2857 2239 2916 0.
2255 2859 2282 2916 S.
2297 2857 2331 2916 Β.

833 2935 1106 2994 11616666661666.
1122 2935 1149 2994 S.
1166 2935 1235 2994 Sedi
1254 2933 1622 3008 immediatesubjeetum,
1644 2939 1679 2994 61
1700 2935 1854 3008 asseritur,
1875 2935 2040 2994 molestant
2061 2939 2090 2994 et
2111 2937 2331 3008 exemptionem

833 3033 869 3070 ao
889 3011 1047 3088 priuilegia
1070 3011 1166 3086 ejusd.
1187 3017 1315 3072 monast.
1336 3013 1421 3088 parvi
1442 3013 1581 3088 pendunt
1603 3011 1730 3086 ejusque
1750 3015 1830 3072 bona
1853 3013 1885 3070 iu
1906 3029 1977 3070 suos
2000 3015 2029 3070 61
2051 3011 2238 3070 damnabiles
2258 3031 2332 3070 usus

835 3093 1013 3148 convertere
1046 3093 1076 3148 et
1106 3091 1163 3150 sibi
1192 3091 1387 3164 appropriare
1418 3093 1562 3164 satagunt
1592 3093 1622 3148 et
1651 3091 1806 3164 nituntur,
1842 3091 2016 3148 examinent
2047 3093 2077 3148 61
2108 3091 2188 3160 quod
2214 3091 2331 3162 justum

832 3169 940 3304 1666ἰὲ
948 3169 1121 3304 6666666111.
1165 3169 1353 3244 ,Humilibus
1375 3167 1609 3244 supplicantium
1631 3165 1725 3228 votis“
1751 3169 1915 3242 (Lambert.
1942 3165 1946 3240 Ι
1969 3165 2124 3240 Barotius)
2152 3167 2244 3228 Aroh.
2265 3169 2332 3228 Lat.

833 3265 891 3306 vo.
944 3291 950 3304 .
986 3249 1081 3304 .21.

777 3321 878 3398 (6504)
906 3323 998 3382 Petro
1020 3325 1057 3382 de
1077 3323 1200 3384 Faxolis
1222 3325 1293 3382 cler.
1313 3323 1515 3382 Mediolanen.
1535 3343 1599 3398 par.
1622 3321 1767 3382 ecclesiae
1788 3323 1816 3382 S.
1837 3323 1969 3382 Protasii
1990 3325 2019 3380 in
2042 3323 2155 3398 Campo
2176 3325 2250 3382 foris
2271 3325 2333 3382 Me-

835 3403 985 3462 diolanen.
1007 3403 1170 3460 Francisoo
1199 3401 1235 3460 de
1256 3401 1346 3458 Turri
1367 3403 1467 3476 presb.
1488 3403 1689 3460 Mediolanen.
1711 3403 1839 3460 collatae
1867 3403 2055 3460 renuntianti
2083 3401 2150 3460 loco
2177 3403 2332 3478 pensionis

833 3481 1028 3540 medietatem
1043 3483 1198 3538 fructuum
1221 3483 1251 3538 et
1273 3481 1377 3538 domus
1400 3481 1437 3538 ad
1459 3481 1569 3540 dietam
1586 3479 1657 3538 eccl.
1672 3481 1820 3554 pertinen.
1835 3483 1982 3538 reservat.
2025 3481 2118 3548 ,Viae
2139 3499 2175 3538 ac
2195 3477 2329 3538 morum“

835 3559 1005 3624 (6166116661
1025 3555 1150 3630 161666.
1170 3577 1200 3634 p.
1220 3559 1343 3616 rescrib.
1364 3559 1398 3616 1.
1420 3557 1456 3616 66
1478 3557 1507 3616 6.
1529 3559 1597 3616 Joh.
1619 3577 1647 3634 p.
1669 3575 1764 3634 comp.
1781 3555 1786 3630 Ι
1805 3557 1990 3616 Bernartius
2018 3555 2094 3616 0611.
2117 3557 2150 3616 B.
2173 3557 2209 3614 de
2231 3555 2331 3630 Alex.)

777 3711 879 3786 (6505)
909 3711 986 3772 Sum
1007 3681 1163 3772 Johabncs
1184 3711 1311 3770 Araneti
1338 3711 1485 3788 Principis
1511 3713 1707 3770 Macedoniae
1733 3717 1839 3786 natus,
1871 3713 1923 3788 qui
1951 3731 2034 3772 arma
2063 3717 2169 3770 contra
2195 3711 2331 3770 infideles
2352 3717 2375 3758 6

835 3791 999 3868 assumpsit
1019 3795 1050 3850 61
1072 3791 1109 3850 ab
1130 3791 1236 3848 iisdem
1259 3795 1365 3866 captus
1387 3795 1416 3850 et
1438 3791 1609 3851 carceribus
1631 3793 1819 3868 mancipatus
1839 3793 1925 3850 varia
1939 3795 2092 3850 tormenta
2113 3793 2151 3850 ob
2172 3789 2241 3848 fidei
2264 3809 2334 3848 con-

836 3869 979 3926 stantiam
1007 3869 1167 3942 sustinuit,
1198 3873 1305 3942 postea
1331 3869 1426 3926 166166
1453 3869 1548 3944 ipsius
1568 3887 1711 3940 germano
1739 3871 1769 3926 in
1790 3871 1968 3944 captivitate
1990 3869 2096 3928 relicto
2124 3869 2164 3926 sit
2183 3867 2331 3926 liberatus

836 3951 867 4002 et
886 3945 973 4002 bonis
995 3947 1056 4004 suis
1078 3947 1226 4018 spoliatus
1246 3965 1308 4002 non
1328 3945 1447 4020 habeat,
1469 3947 1550 4002 unde
1570 3945 1696 4004 fratrem
1716 3945 1854 4020 redimat,
1877 3945 2016 4004 fidelibus
2037 3965 2144 4004 manus
2165 3945 2331 4018 adjutrices

834 4023 1061 4098 porrigentibus
1090 4023 1257 4098 indulgent.
1288 4023 1434 4098 elargitur
1464 4023 1638 4098 dictumque
1667 4023 1837 4082 Johannem
1868 4023 2005 4082 omnibus
2036 4023 2186 4098 Regibus,
2216 4023 2330 4080 Princi-

834 4101 924 4176 pibus
945 4105 1002 4158 etc.
1025 4101 1223 4160 commendat.
1266 4101 1367 4174 ,Pium
1395 4103 1425 4158 61
1445 4101 1632 4160 meritorium
1652 4101 1734 4176 apud
1754 4101 1852 4160 Deum
1873 4097 2066 4178 reputantes“
2098 4101 2189 4174 (Aere
2216 4097 2220 4174 Ι
2243 4099 2331 4158 Oam-

833 4175 936 4254 pania)
957 4177 1050 4236 Aroh.
1070 4179 1137 4236 Lat.
1159 4183 1230 4236 tom.
1253 4179 1311 4238 21.
1332 4181 1377 4236 91.

776 4255 877 4330 (6606)
908 4255 956 4314 Ad
983 4273 1087 4328 666666
1115 4257 1194 4332 Meg.
1221 4257 1368 4314 «lobannis
1395 4257 1515 4316 Danieli
1541 4257 1676 4314 canonici
1703 4255 1850 4314 Veneten.
1877 4257 1923 4314 lit.
1952 4273 1998 4332 ap.
2026 4255 2190 4314 abbreviat.
2221 4255 2326 4314 1116666

835 4333 958 4392 1611111
979 4331 1052 4406 (661.
1067 4335 1230 4404 Bononiae,
1255 4335 1326 4392 1606
1347 4335 1422 4410 6616.
1445 4335 1609 4392 11661166.
1625 4353 1650 4392 a.
1666 4333 1719 4404 IV,
1741 4333 1828 4410 incip.
1865 4331 1972 4408 ,Vitae
1993 4329 2193 4404 6666666161,
2216 4335 2325 4410 quibus

836 4411 1006 4470 declaratur
1034 4413 1137 4470 literas
1165 4413 1380 4486 praecedentes
1408 4413 1486 4470 61616
1514 4413 1644 4470 1666661
1673 4413 1880 4470 canonicatum
1906 4415 1937 4470 et
1957 4413 2060 4486 praeb.
2082 4411 2155 4470 6661.
2176 4411 2322 4470 Veneten.

835 4489 1025 4548 conferentes
1052 4491 1083 4548 in
1110 4491 1248 4548 omnibus
1274 4491 1390 4562 valere,
1419 4491 1452 4548 L.
1475 4491 1530 4548 911
1553 4489 1575 4548 1.
1595 4485 1664 4560 210)
1692 4489 1850 4548 transcribi
1876 4489 1951 4548 facit
1979 4491 2008 4548 et
2036 4491 2104 4548 huie
2132 4491 2321 4560 transumpto

767 4637 769 4642 Ι
835 4565 960 4626 eandem
974 4569 1033 4624 vim
1049 4587 1083 4626 ac
1097 4569 1194 4626 literis
1211 4569 1407 4644 originalibus
1421 4567 1571 4626 attribuit.
1604 4567 1641 4626 A.
1656 4567 1690 4626 1.
1701 4563 1740 4624 11.
1753 4567 1794 4624 Μ.
1830 4563 2192 4640 ,Ρ666161661611661666ιι
2215 4567 2321 4640 (intrat

835 4645 920 4702 6661.
941 4663 969 4720 6.
991 4647 1089 4704 666161.
1112 4645 1146 4704 L.
1169 4645 1205 4704 de
1225 4645 1365 4702 Bertinis
1384 4641 1388 4716 Ι
1406 4643 1547 4702 Valtriui.
1569 4645 1643 4704 0611.
1667 4640 1779 4715 Alter.)
1801 4645 1834 4702 L.
1856 4647 1912 4702 991
1934 4645 1954 4702 1.
1977 4647 2081 4718 mab.

776 4721 876 4796 (6501)
904 4723 1008 4780 Eidem
1037 4723 1170 4782 Johanni
1196 4721 1338 4794 Daniele,
1367 4721 1414 4778 cui
1436 4721 1620 4778 Laurentius
1640 4721 1686 4778 tit.
1708 4721 1756 4778 SS.
1779 4721 1916 4788 Quatuor
1938 4721 2080 4780 0666661.
2100 4723 2199 4798 66666.
2222 4721 2321 4796 0666,

835 4797 885 4870 661
916 4799 1061 4858 ecelesiae
1087 4799 1233 4858 Veneten.
1262 4801 1397 4870 praeest,
1428 4799 1528 4854 omnia
1554 4799 1635 4856 bona
1661 4797 1698 4854 ad
1727 4799 1895 4856 Johannem
1925 4798 2064 4856 Textoris
2092 4801 2156 4860 vita
2181 4801 2319 4856 functum

834 4879 979 4936 decanum
1001 4875 1166 4934 decanatus
1189 4875 1224 4934 de
1244 4875 1379 4934 Pleaulle
1395 4873 1544 4932 Veneten.
1566 4875 1659 4934 dioec.
1682 4875 1848 4950 spectantia
1869 4881 1899 4932 et
1922 4875 1959 4932 ad
1981 4877 2109 4936 eundem
2131 4875 2320 4938 0666166166

833 4955 951 5012 6611666
966 4953 1065 5012 616166
1080 4953 1152 5012 eccl.
1166 4953 1312 5012 Veneten.
1334 4957 1363 5010 61
1385 4953 1458 5012 61166
1479 4953 1570 5012 etiam
1592 4953 1788 5012 successionis
1803 4955 1822 5012 J
1824 4953 1871 5010 oh.
1886 4953 2037 5028 Tencteris,
2060 4955 2109 5028 qui
2125 4957 2161 5012 ab
2175 4955 2319 5014 intestato

835 5033 1021 5106 decesserat,
1051 5031 1193 5090 devoluta
1214 5035 1243 5088 61
1264 5031 1446 5102 pertinentia
1474 5031 1613 5104 donavit,
1640 5031 1831 5090 donationem
1859 5033 2024 5090 confirmat.
2067 5031 2139 5104 „His
2167 5051 2244 5108 quae
2264 5051 2319 5106 pro

833 5105 1047 5188 personarum“
1071 5109 1215 5182 (Bembus
1234 5107 1238 5178 l
1256 5109 1340 5168 6661.
1360 5127 1389 5184 p.
1410 5111 1510 5170 assist.
1529 5109 1563 5170 L.
1585 5111 1622 5168 de
1641 5108 1848 5185 Β661161611.
1875 5107 1913 5168 66
1933 5109 2019 5186 Vaga
2035 5107 2040 5184 Ι
2057 5109 2239 5170 Auscultate
2265 5129 2319 5186 per

833 5205 882 5244 me
902 5187 936 5246 P.
958 5185 1116 5256 Bembum)
1137 5187 1171 5244 L.
1195 5187 1268 5244 1198
1288 5187 1308 5246 f.
1330 5189 1396 5246 460.

776 5263 876 5338 (6506)
903 5265 1072 5324 Raimundo
1096 5265 1251 5324 06666666
1271 5265 1397 5340 Proregi
1416 5265 1560 5340 Neapolis
1587 5265 1721 5340 nuntiat,
1749 5269 1838 5340 grata
1865 5265 1923 5324 sibi
1949 5265 2043 5322 fuisse
2069 5265 2136 5338 ejus
2158 5265 2319 5322 61661666

836 5343 1056 5402 controversias
1076 5343 1274 5400 Maximiliani
1294 5343 1431 5402 Caesaris
1458 5361 1525 5400 cum
1546 5343 1671 5402 Venetis
1697 5343 1929 5418 restinguendas
1956 5359 2048 5416 seque
2069 5341 2256 5418 desiderare,
2285 5349 2320 5402 ut

835 5439 913 5496 quae
933 5421 1032 5478 adhuc
1054 5421 1238 5480 conficienda
1259 5425 1434 5496 supersunt,
1463 5421 1568 5478 eadem
1589 5421 1745 5496 diligentia
1765 5421 1911 5480 conficiat.
1955 5417 2173 5496 ,eognovimus
2195 5423 2231 5478 66
2252 5439 2319 5496 666-

834 5503 975 5556 curatore
1002 5503 1055 5558 tuo
1083 5495 1256 5556 Bercenn0“
1286 5497 1413 5574 (Bemb.)
1440 5499 1518 5558 Bibl.
1546 5499 1615 5558 Vat.
1643 5501 1707 5560 cod.
1736 5501 1810 5560 9364
1836 5499 1857 5556 1.
1886 5499 1950 5556 195.
1990 5495 2045 5554 Ed.
2072 5493 2175 5558 Bemb.
2201 5499 2235 5558 L.
2256 5499 2319 5562 VII

825 5595 881 5652 ep.
903 5577 921 5634 4
939 5595 969 5652 p.
991 5577 1037 5636 53.
1079 5577 1124 5636 Of.
1145 5577 1274 5638 Bzcrius
1293 5577 1323 5636 h.
1343 5597 1370 5636 a.
1391 5595 1419 5652 p.
1441 5579 1497 5636 208
1517 5595 1546 5636 6.
1568 5579 1594 5636 4.
