5426 6726
362 257 435 330 aas
508 207 513 226 ’

853 257 993 332 Anno
1019 255 1176 332 PRIMO
1203 257 1367 332 MENSE
1396 257 1682 332 SEPTEMBRI.
1733 261 1842 332 1513.

359 415 540 420 ——m-—w-v
630 415 842 422 ——a—-—-
1234 417 1390 424 ——a-ae-v-u—v--m-
1423 417 1512 426 ..m-...-
1940 419 2327 426 *ww—...mm-

782 507 895 590 1513.

370 645 534 790 (55,ἶῖ55155,
601 647 715 802 1555555
782 647 999 724 (4551454558)
1028 649 1104 710 0555
1125 651 1349 712 Maximitianus
1379 651 1409 708 in
1439 651 1514 728 Imp.
1542 651 1638 710 Elect.
1668 655 1740 708 tunc
1768 649 1914 708 Austriae
1941 649 2101 708 Archidux
2131 653 2161 708 55
2192 649 2337 726 55555555,

416 795 487 862 055.)

567 803 596 864 S.
617 803 742 864 Petrum

838 729 976 804 magistri
1012 733 1042 788 et
1076 729 1229 788 scholares
1256 729 1470 790 Universitatis
1498 729 1596 790 Stadii
1622 729 1788 788 Loranien.
1817 729 1911 788 dioec.
1940 729 2085 788 Leodien.
2120 729 2337 804 exposuissent,

840 807 1113 882 ,555555555111,
1143 809 1195 886 qui
1222 811 1351 868 assiduis
1380 809 1535 870 laboribus
1557 809 1596 868 ad
1617 827 1763 866 summam
1784 807 2010 886 philosophiae,
2042 807 2136 866 divini
2156 805 2338 882 humanique

836 885 914 960 juris
935 887 1074 944 notitiam
1096 887 1127 944 in
1149 889 1230 948 dicta
1244 889 1382 948 Univers.
1403 891 1607 964 pervenerant
1628 891 1659 944 et
1679 891 1834 962 tamquam
1853 887 2004 962 fulgentia
2024 885 2139 944 lumina
2159 885 2190 944 15
2204 885 2338 944 Ecclesia

839 963 894 1020 Dei
914 965 1110 1038 resplendere
1130 971 1253 1042 possent
1274 971 1305 1024 et
1326 967 1487 1038 deberent,
1517 969 1626 1024 exacta
1646 969 1746 1024 aetate
1769 967 1833 1024 5155
1853 965 2005 1040 praemio,
2028 967 2092 1022 sine
2113 963 2228 1022 honore
2250 961 2337 1024 etiam

836 1047 1048 1116 paupertatem
1075 1043 1106 1100 in
1128 1049 1284 1104 senectute
1305 1045 1437 1104 tolerare
1466 1047 1647 1120 cogerentur
1675 1047 1704 1100 et
1725 1045 1821 1118 pressi
1848 1043 2065 1120 inopiareluti
2086 1043 2200 1102 1555555
2221 1041 2337 1100 tristem

838 1119 933 1178 vitam
953 1121 1113 1196 degerent,
1142 1141 1201 1200 quo
1223 1123 1361 1198 exemplo
1383 1121 1592 1180 adolescentes
1615 1167 1621 1178 .
1643 1163 1650 1176 .
1673 1167 1679 1180 .
1702 1123 1870 1180 doctrinam
1898 1123 2039 1198 fugerent
2060 1125 2091 1180 et
2110 1119 2238 1196 juvenes
2260 1121 2338 1194 qued

724 1233 726 1240 ·
838 1203 981 1272 ceperant
1010 1199 1143 1260 studium
1171 1203 1359 1272 desererent,
1388 1199 1554 1274 quamlibet
1574 1198 1748 1258 vilissimam
1775 1205 1873 1260 artem
1903 1199 2037 1260 dieentes
2066 1217 2133 1258 esse
2160 1195 2335 1276 potiorem“,

839 1275 943 1334 sixtus
962 1277 1033 1352 IV,
1064 1281 1134 1356 ,qui
1160 1281 1191 1336 15
1219 1277 1326 1336 5555115
1354 1279 1529 1350 hujusmodi
1557 1279 1673 1336 dierum
1704 1297 1827 1338 suorum
1858 1297 1999 1354 magnam
2025 1281 2144 1354 partem
2172 1279 2277 1352 egerat
2303 1297 2337 1336 ac

835 1355 956 1412 labores
985 1359 1015 1416 et
1037 1357 1144 1416 merita
1172 1355 1302 1414 fideliter
1329 1355 1518 1414 studentium
1546 1355 1739 1432 fructumque
1767 1357 1838 1416 inde
1866 1357 2001 1416 ecclesiis
2030 1359 2060 1414 55
2081 1355 2151 1416 5551
2172 1355 2337 1430 55515555-

837 1431 1008 1492 venientem
1035 1431 1192 1506 5555555,
1221 1433 1334 1492 5555551
1354 1433 1568 1492 Universitatis
1596 1433 1772 1494 facultatem
1802 1439 1949 1510 perpetuo
1977 1437 2157 1494 duraturam
2186 1435 2334 1494 concessit

837 1511 1011 1570 nominandi
1032 1513 1069 1570 de
1094 1513 1226 1588 quinquo
1249 1511 1462 1586 magistrorum
1491 1513 1529 1570 ad
1550 1513 1581 1572 id
1602 1513 1816 1590 deputatorum
1839 1515 1963 1572 consilio
1994 1517 2024 1572 et
2054 1533 2180 1572 assensu
2211 1513 2334 1586 singulis

839 1591 1001 1666 praelatis,
1031 1591 1248 1664 conventibus,
1279 1589 1435 1668 capitulis,
1466 1593 1504 1650 ad
1532 1609 1608 1666 quos
1635 1593 1665 1650 in
1694 1593 1783 1650 terris
1811 1593 1983 1668 temporalis
2006 1591 2130 1651 dominii
2151 1591 2224 1650 dicti
2244 1591 2336 1650 Maxi-

837 1669 954 1726 miliani
983 1673 1014 1728 et
1042 1673 1116 1728 tunc
1145 1671 1176 1728 in
1205 1669 1344 1726 humanis
1373 1671 1491 1746 agentis
1526 1671 1573 1728 sui
1601 1671 1794 1746 primogeniti
1822 1671 1955 1746 Philippi
1988 1671 2110 1728 collatio
2146 1675 2176 1728 et
2205 1671 2334 1746 provisio

838 1747 1053 1806 beneficiorum
1079 1747 1260 1824 pertineret,
1290 1747 1450 1806 dummodo
1479 1749 1515 1806 de
1547 1767 1600 1806 sex
1628 1749 1782 1806 beneficiis
1808 1749 1856 1806 551
1886 1749 1991 1806 5155115
2022 1749 2181 1824 disponere
2202 1753 2333 1824 possent,

840 1829 870 1884 55
892 1825 1031 1902 quidem,
1061 1825 1085 1882 si
1105 1829 1215 1900 agatur
1237 1825 1272 1884 de
1299 1827 1442 1902 praelatis
1471 1829 1500 1884 55
1528 1827 1653 1902 singulis
1680 1827 1836 1902 personis,
1865 1827 1958 1884 semel
1985 1827 2114 1886 durante
2143 1845 2246 1884 eorum
2274 1827 2335 1886 rita

839 1905 870 1962 et
897 1903 1176 1978 administratione,
1208 1903 1234 1962 si
1259 1907 1368 1980 agatur
1397 1905 1434 1962 de
1462 1905 1614 1980 collegiis,
1645 1903 1786 1980 capitulis
1814 1909 1889 1980 etc,
1919 1905 2046 1980 singulis
2074 1905 2112 1962 20
2135 1905 2221 1962 55515
2243 1923 2334 1964 unum

838 1983 980 2040 clericum
1004 2001 1042 2040 ex
1070 1983 1261 2040 studentibus
1283 1985 1312 2040 et
1331 1983 1489 2058 graduatis
1510 1983 1540 2040 in
1561 1983 1627 2060 ipsa
1646 1983 1735 2042 Univ.
1762 1983 1983 2056 residentibus,
2014 1983 2152 2058 obligans
2172 1983 2332 2060 praelatos,

839 2060 972 2136 capitula
992 2063 1065 2132 555,
1087 2063 1122 2118 55
1143 2061 1253 2118 5155155
1274 2059 1449 2134 hujusmodi
1469 2061 1624 2120 nominato
1646 2063 1683 2120 de
1703 2061 1848 2120 beneficio
1869 2061 2081 2138 providerent,
2110 2061 2198 2136 cujus
2219 2061 2333 2120 1555555

839 2139 876 2196 30
896 2139 961 2196 flor.
988 2139 1083 2196 Rhen.
1112 2139 1179 2196 auri
1205 2157 1265 2196 uon
1293 2139 1484 2198 excederent.
1523 2139 1613 2198 Nunc
1641 2159 1714 2198 uero
1744 2139 1783 2196 55
1808 2157 1913 2214 555555
1942 2139 2015 2198 51551
2040 2139 2253 2214 Maximiliani,
2281 2139 2333 2200 Oa-

838 2217 894 2274 5511
914 2217 1112 2290 5555155515,
1141 2217 1353 2292 Margarethae
1373 2217 1608 2276 Archiduoissae
1636 2223 1666 2276 et
1687 2217 1793 2278 decani
1813 2237 1849 2276 ac
1869 2215 2039 2276 Facultatis
2066 2219 2177 2276 artium
2200 2217 2331 2294 ejusdem

837 2295 925 2354 Univ.
954 2295 1186 2372 exponentium,
1214 2297 1296 2372 quod
1321 2295 1401 2354 inter
1429 2297 1562 2374 quinque
1582 2296 1758 2356 Facultates
1786 2297 1884 2354 dictae
1904 2295 1993 2354 11515.
2023 2295 2185 2370 „Facultas
2213 2297 2331 2372 artium,

838 2393 916 2450 quae
936 2393 990 2450 per
1012 2375 1158 2434 decanum
1178 2393 1271 2434 unum
1292 2395 1320 2450 p.
1334 2379 1364 2434 t.
1385 2393 1438 2450 per
1459 2375 1620 2452 magistros
1641 2375 1735 2452 ipsius
1755 2375 1925 2432 Facultatis
1949 2375 2121 2450 eligendum
2141 2375 2332 2436 laudabiliter

838 2455 999 2512 admodum
1019 2453 1050 2512 in
1066 2453 1214 2530 spiritual.
1235 2459 1266 2514 et
1280 2455 1497 2532 temporalibus
1517 2455 1635 2530 regitur
1650 2459 1732 2514 etex
1753 2473 1814 2530 qua
1834 2453 1917 2514 velut
1939 2473 1977 2512 ex
1995 2455 2081 2514 fonte
2096 2457 2214 2514 ceterae
2236 2457 2332 2514 scatu-

837 2533 936 2606 riunt,
962 2553 996 2592 ac
1016 2533 1083 2610 ipsa
1103 2533 1284 2606 Theologia‚
1310 2552 1364 2609 per
1385 2551 1475 2610 quam
1495 2533 1636 2592 haereses
1658 2531 1903 2606 confunduntur,
1931 2533 2004 2590 viris
2024 2531 2238 2592 literatissimis
2260 2537 2332 2592 tam-

838 2631 927 2686 quam
948 2613 1134 2688 fulgentibus
1156 2613 1344 2672 candelabris
1366 2611 1508 2670 claruerit
1529 2615 1560 2670 et
1572 2611 1707 2670 florendo
1729 2613 1852 2686 clareat,
1875 2611 1905 2670 in
1927 2629 1988 2686 qua
2009 2611 2100 2670 etiarn
2119 2611 2246 2686 juvenes
2267 2613 2331 2686 ipsi,

839 2691 948 2764 quibus
968 2691 999 2748 in
1017 2689 1179 2764 juventute
1199 2691 1297 2748 minus
1316 2691 1479 2766 prouisum
1493 2709 1559 2748 esse
1573 2691 1740 2762 consueuit,
1761 2691 1798 2750 ab
1813 2691 1938 2748 ineunte
1958 2693 2060 2748 aetate
2080 2691 2239 2748 literarum
2253 2691 2334 2748 rudi·

837 2773 939 2826 menta
960 2771 990 2826 et
1010 2769 1147 2844 plerique
1169 2787 1206 2826 ex
1228 2769 1269 2826 eis
1290 2771 1471 2844 paupertate
1485 2769 1616 2826 maxima
1629 2769 1757 2842 gravati,
1779 2769 1900 2844 ingenio
1915 2769 2017 2826 tamen
2036 2769 2185 2844 pollentes
2206 2769 2331 2844 gradum

837 2847 1002 2922 magisterii
1023 2847 1055 2904 in
1076 2847 1192 2904 artibus
1213 2847 1329 2922 magnis
1351 2847 1458 2904 studiis
1481 2849 1510 2904 et
1529 2847 1677 2920 miseriis,
1709 2847 1761 2904 sed
1790 2865 1905 2906 summo
1928 2865 1997 2904 cunr
2017 2847 2133 2904 honore
2153 2887 2160 2902 .
2183 2889 2190 2904 .
2213 2887 2220 2904 .
2243 2845 2333 2904 susci·

838 2925 933 3000 piunt,
957 2929 1047 2982 aucta
1068 2925 1107 2984 sit
1127 2929 1158 2982 55
1178 2925 1209 2984 15
1224 2925 1287 2984 5155
1302 2919 1478 3000 5555555511,
1502 2925 1583 3002 5555
1596 2925 1743 2984 65555515
1765 2943 1802 2984 ex
1816 2925 1972 3000 praedicta
1988 2925 2194 2984 nominatione
2209 2927 2332 3000 accepta

838 3003 940 3080 exigui
961 3003 1033 3062 satis
1055 3005 1115 3062 sint
1135 3003 1255 3076 valoris
1277 3009 1311 3062 55
1333 3023 1368 3062 55
1389 3003 1560 3062 obtinentes
1582 3003 1613 3060 in
1633 3003 1772 3062 5511515.
1795 3003 1936 3062 decenter
1952 3023 1984 3062 se
2005 3003 2154 3060 sustinere
2169 3007 2330 3078 nequeant,

839 3083 919 3158 quod
940 3083 1097 3144 occasione
1118 3101 1222 3142 eorum
1244 3083 1458 3142 beneficiorum
1478 3079 1547 3142 lites
1562 3101 1631 3140 oum
1646 3081 1827 3140 adversariis
1841 3081 2065 3157 potentioribus
2083 3081 2229 3156 oriantur,
2253 3083 2331 3158 quod

837 3163 925 3220 multi
944 3163 974 3220 in
994 3163 1054 3220 11115
1074 3163 1212 3239 55551555
1232 3165 1357 3238 5555555
1376 3161 1458 3220 55115
1478 3161 1623 3218 55551555
1643 3161 1729 3220 bonis
1745 3161 1805 3218 sint
1826 3159 1967 3218 diminuti
1987 3165 2018 3218 et
2039 3159 2171 3218 studium
2193 3159 2331 3218 deserere

838 3245 994 3316 cogantur,
1016 3241 1171 3312 concedit,
1202 3245 1236 3298 ut
1258 3239 1458 3300 5555555551
1478 3239 1677 3298 vicedecanus
1700 3237 1798 3298 dictae
1818 3237 1987 3296 Facultatis
2009 3238 2046 3295 de
2067 3255 2192 3296 assensu
2213 3243 2244 3296 et
2264 3257 2331 3296 eon·

838 3319 903 3378 silio
934 3319 1098 3394 receptoris
1121 3321 1151 3376 et
1172 3321 1302 3396 quatuor
1322 3321 1555 3394 procuratorum
1576 3315 1642 3394 (pro
1665 3321 1796 3392 quatuor
1816 3317 1991 3376 nationibus
2012 3315 2100 3374 istius
2120 3315 2205 3390 Fac.)
2226 3335 2280 3394 555
2300 3335 2331 3376 55

836 3397 974 3456 55151155
996 3399 1121 3474 singulis
1143 3397 1244 3456 decem
1265 3397 1351 3456 annis
1374 3399 1614 3474 quibuscumque
1633 3397 1765 3472 collegiis
1781 3399 1838 3456 etc.
1860 3397 1961 3470 semel,
1982 3395 2129 3472 praelatis
2150 3399 2181 3454 et
2202 3395 2331 3472 singula-

838 3477 921 3536 ribus
942 3477 1078 3552 personis
1100 3477 1324 3552 dispositionem
1352 3477 1388 3534 de
1415 3471 1567 3534 beneficiis
1588 3475 1770 3534 habentibus
1799 3475 1831 3532 in
1852 3475 2005 3534 territorio
2026 3473 2149 3532 Maxim.
2171 3477 2201 3532 55
2222 3475 2328 3534 055515

839 3555 975 3628 subjecto
997 3573 1113 3612 necnon
1133 3555 1164 3612 in
1187 3555 1332 3612 comitatu
1346 3555 1469 3612 Lossen.
1490 3555 1521 3612 in
1537 3555 1617 3612 51515.
1631 3555 1773 3612 Leodien.
1793 3555 1922 3628 aliisquo
1942 3553 2115 3614 civitatibus
2132 3557 2162 3610 et
2182 3553 2328 3628 partibus,

836 3633 865 3690 in
888 3633 1065 3708 Tornacen,
1086 3633 1251 3706 11551555,
1279 3633 1456 3690 Atrebaten.
1478 3633 1559 3690 civit.
1578 3635 1608 3690 et
1630 3633 1723 3690 dioec.
1822 3633 1939 3690 duabus
1960 3631 2109 3690 distinctis
2129 3631 2245 3690 vicibus
2267 3633 2328 3690 rita

838 3729 891 3768 seu
906 3711 1165 3768 administratione
1181 3729 1283 3768 eorum
1299 3711 1427 3768 durante
1446 3729 1539 3768 unum
1555 3729 1593 3768 ex
1606 3711 1757 3786 magistris
1772 3711 1810 3768 ad
1824 3709 1886 3768 tale
1900 3709 2088 3782 beneficium,
2111 3712 2145 3768 ut
2158 3709 2328 3768 nominatus

838 3787 1022 3846 commodius
1043 3807 1076 3848 se
1097 3791 1268 3848 sustentare
1281 3789 1386 3864 possit,
1407 3789 1552 3858 nominet,
1573 3789 1693 3864 aliaque
1714 3789 1923 3846 favorabiliter
1943 3789 2112 3846 constituit.
2140 3787 2177 3848 A.
2192 3787 2226 3846 Ρ.
2241 3789 2275 3846 R.
2290 3787 2327 3846 M.

838 3867 1089 3938 ,AdmonetNos
1111 3867 1364 3944 compastoralis
1385 3863 1493 3924 515511α
1516 3865 1743 3942 (Oastilioneus)
1765 3867 1799 3926 L.
1823 3869 1896 3924 1206
1926 3867 1948 3924 1.
1973 3867 2037 3926 102.
2060 3903 2097 3912 —
2117 3867 2145 3924 S.
2168 3867 2327 3924 6155555515

836 3945 918 4002 15555
944 3951 973 4004 55
993 3945 1028 4002 Β.
1049 3947 1087 4004 M.
1116 3949 1203 4004 extra
1231 3965 1332 4004 muros
1354 3945 1516 4006 Lovanien.
1544 3945 1797 4004 monasteriorum
1826 3945 1987 4006 abbatibus
2018 3949 2047 4002 55
2077 3945 2106 4004 S.
2126 3945 2210 4004 Petri
2240 3945 2327 4004 etiam

836 4023 999 4082 Loranien.
1021 4029 1051 4082 ct
1072 4023 1443 4082 5.(1555155555551155.
1465 4023 1659 4082 ecclesiarum
1682 4023 1802 4082 decanis
1817 4023 1959 4082 Leodien.
1982 4027 2012 4082 et
2027 4023 2220 4082 0555555555.
2235 4023 2327 4082 dioec.

835 4102 975 4176 praeced.
997 4103 1097 4162 bullae
1118 4101 1326 4160 executionem
1349 4103 1519 4162 demandat.
1563 4101 1678 4176 ,Hodie
1699 4121 1717 4160 a
1736 4101 1833 4160 Nobis
1854 4097 2052 4160 emanarunt“
2075 4101 2187 4176 (151555
2216 4101 2327 4162 Balbus

840 4179 1047 4252 tBernardus.
1070 4177 1332 4250 051105555551)
1355 4179 1388 4236 L.
1411 4199 1435 4240 c.
1456 4181 1477 4240 f.
1501 4183 1565 4238 108.

780 4257 879 4332 (4550)
908 4257 981 4316 Oum
1010 4263 1077 4334 post
1106 4257 1291 4316 invasionem
1319 4257 1485 4316 Turearum
1511 4257 1656 4318 Lucretia
1684 4259 1720 4316 de
1742 4257 1919 4318 Oandeleris
1947 4257 1978 4314 in
2009 4257 2132 4316 ciuitate
2158 4257 2329 4318 Moronensi

836 4337 996 4394 interfecto
1023 4337 1088 4394 viro
1117 4335 1261 4394 aTurois
1283 4355 1350 4394 curn
1373 4335 1490 4396 duobus
1509 4335 1578 4394 filiis
1600 4337 1631 4394 in
1659 4337 1866 4412 captiuitatem
1888 4337 2019 4396 abducta
2046 4357 2192 4394 summam
2213 4341 2326 4396 trecen-

836 4419 935 4474 torum
966 4415 1144 4474 ducatorum
1172 4413 1238 4470 auri
1265 4433 1318 4490 pro
1348 4415 1526 4472 liberatione
1556 4415 1673 4474 solvere
1703 4433 1763 4472 non
1784 4415 1896 4490 possit:
1924 4415 2080 4488 omnibus,
2111 4415 2163 4492 qui
2183 4417 2220 4474 55
2241 4415 2325 4474 bonis

837 4493 898 4584 suis
925 4511 980 4584 555
1009 4491 1195 4596 5555551555
1223 4511 1326 4584 eorum
1351 4513 1457 4584 manus
1485 4493 1650 4584 adjutrices
1677 4493 1887 4570 porrexerint,
1923 4493 2143 4570 indulgentiam
2171 4493 2323 4570 elargitur.

779 4571 940 4724 (lbdlllmlii
958 4569 1407 4726 ildrdlesbiellisancibblallbidgi'
1424 4569 1594 4710 albaldiioidd
1611 4571 2325 4728 ierdtbrillabaillbldclediadlarchipresbyteratus

837 4725 1466 4804 555555.5.]5555515151151151555515.
1490 4729 1582 4788 dioec.
1605 4747 1671 4786 cunr
1694 4729 1774 4788 dicta
1794 4729 1877 4800 ecch,
1900 4729 2043 4804 quamdiu
2065 4749 2131 4788 eam
2153 4731 2325 4800 obtinuerit,

838 4807 978 4864 ecclesias
1005 4825 1068 4882 par.
1090 4805 1118 4864 S.
1140 4807 1272 4864 Thomas
1301 4807 1337 4864 de
1359 4805 1466 4864 Ostina
1493 4811 1523 4866 55
1544 4807 1578 4864 Β.
1598 4807 1637 4864 Μ.
1666 4807 1830 4866 deliretis
1856 4807 1997 4866 Fesuinn.
2028 4809 2058 4864 et
2084 4809 2202 4866 Reatin.
2234 4807 2324 4866 dioec.

836 4885 901 4942 unit
929 4887 959 4942 et
986 4885 1130 4942 annectit.
1169 4883 1206 4940 Α.
1228 4883 1262 4942 F.
1282 4883 1317 4942 R.
1338 4885 1377 4942 M.
1421 4883 1605 4958 ,Romanum
1634 4883 1719 4942 decet
1745 4881 1938 4942 Pontificem“
1969 4883 2125 4960 (Evangel.
2155 4881 2158 4956 Ι
2184 4887 2268 4944 (irat.
2290 4885 2325 4944 do

838 4963 937 5022 mand.
960 4961 987 5022 5.
1008 4963 1044 5020 D.
1065 4959 1362 5032 Liazar.lValt1·ini.
1385 4961 1459 5022 0511.
1481 4959 1600 5034 Attan.)
1621 4963 1654 5020 L.
1679 4965 1749 5020 1051
1772 4963 1793 5020 f.
1817 4963 1881 5022 132.

779 5039 878 5114 (4561)
899 5041 958 5098 Pro
986 5041 1114 5100 ecclesia
1134 5041 1161 5098 S.
1183 5039 1337 5100 Michaelis
1358 5041 1417 5099 loci
1444 5041 1480 5100 de
1502 5039 1625 5100 Soloriis
1646 5041 1812 5100 Tholonen.
1840 5039 1947 5116 dioec,
1978 5041 2016 5100 ad
2045 5061 2134 5118 quam
2155 5041 2325 5100 Ludoricus

836 5119 969 5192 Forbini,
992 5119 1064 5178 dicti
1091 5119 1149 5176 loci
1170 5119 1307 5178 dominus
1328 5119 1502 5194 temporalis
1525 5121 1555 5178 et
1576 5119 1722 5176 Ludouici
1742 5119 1929 5176 Francorum
1950 5119 2040 5194 Regis
2068 5121 2149 5196 apud
2170 5119 2198 5178 S.
2220 5119 2325 5178 Sedem

837 5195 963 5270 Orator,
991 5197 1150 5302 specialeqr
1169 5197 1248 5272 gerit
1268 5197 1458 5254 devotionem
1479 5197 1516 5254 ad
1538 5195 1715 5254 decennium
1741 5197 1909 5268 indulgent.
1931 5197 2078 5256 concedit.
2121 5197 2324 5274 „Quamquam

779 5275 1290 5426 (45dilllllsddiledwpeildeoodlndrdm.
1303 5271 1824 5412 5511955515551555Ι5515515155955
1844 5347 1894 5422 (51.
1916 5349 2120 5422 5515555555)
2141 5351 2324 5428 Forojulien.

837 5431 948 5568 5555159
953 5429 1071 5566 55515552
1088 5433 1128 5568 bet
1154 5429 1251 5508 privil.
1280 5429 1426 5490 concedit.
1469 5429 1571 5506 ,Licet
1598 5429 1641 5504 is,
1673 5431 1708 5488 de
1737 5427 1824 5504 cujus
1853 5447 1978 5486 munere
2004 5427 2104 5488 55515ιι
2138 5427 2324 5502 (Questenb.)

779 5585 879 5662 (4563)
900 5553 1079 5646 15555555(
1090 5587 1177 5664 Β555.
1207 5585 1244 5646 de
1270 5585 1374 5644 Dactis
1402 5585 1473 5644 cler.
1493 5585 1641 5662 Brixien.,
1669 5583 1827 5644 Laurentii
1853 5583 1957 5644 Pucoii
1982 5585 2082 5644 Electi
2100 5583 2229 5644 Melfien.
2257 5587 2323 5644 fam.
