5434 6734
737 2441 1503 2610 BEthSSlllE
1583 2441 1992 2612 PATER.

529 3149 606 3284 Ex
641 3227 721 3308 quo
752 3199 902 3284 Divina
932 3199 1191 3284 Providentia
1226 3203 1462 3314 disponente
1496 3201 1708 3286 sublimem
1739 3201 1776 3284 S.
1808 3203 1916 3286 Petri
1947 3205 2178 3290 cathedram
2212 3233 2350 3290 ascen·

377 3367 483 3476 disti,
522 3365 645 3450 Potor
683 3367 914 3474 beatissime,
951 3369 1054 3452 nulli
1090 3369 1234 3480 labori,
1275 3371 1377 3454 nulli
1412 3371 1659 3454 meditationi
1698 3401 1863 3482 parcens
1901 3383 2124 3484 opportune
2161 3373 2346 3458 omnihus

375 3539 644 3650 praesentium
674 3545 900 3648 temporum
924 3539 1226 3622 necessitatibus
1248 3539 1467 3650 providisti,
1497 3543 1730 3624 universnm
1753 3551 1948 3626 terrarum
1972 3543 2110 3626 orbem
2132 3545 2350 3656 perspicaci

375 3711 635 3792 amantissimi
665 3707 797 3790 Patris
834 3707 950 3790 oculo
980 3703 1225 3814 perlustrans
1257 3735 1395 3816 pacem
1427 3707 1757 3818 concordiamque
1787 3711 2014 3794 animorum
2051 3711 2186 3796 fovere
2225 3723 2347 3822 atque

249 3879 251 3884 ’
373 3891 457 3962 tum
495 3883 620 3962 vitam
659 3889 745 3962 tum
789 3879 1010 3962 doctrinam
1049 3885 1134 3960 tum
1172 3875 1368 3958 rationem
1409 3885 1495 3958 tum
1533 3877 1803 3986 operationem
1841 3875 2041 3964 Ecclesiae
2082 3877 2256 3962 filiorum
2295 3881 2347 3962 ad

373 4051 645 4160 perfectiorem
676 4077 832 4156 semper
863 4047 1131 4130 conditionem
1162 4045 1319 4130 elevare
1349 4055 1514 4130 conatus
1546 4073 1596 4128 es
1655 4043 1767 4128 Inter
1806 4053 1936 4130 cetera
1976 4059 2015 4132 et
2051 4078 2207 4136 summo
2237 4049 2347 4136 Pon·

279 4221 282 4228 ‘
372 4217 522 4302 tificatn
553 4227 591 4300 et
618 4219 812 4328 sapientia
840 4217 930 4298 Tuo
960 4215 1206 4326 dignissima,
1236 4217 1351 4298 sicuti
1377 4241 1500 4298 sanae
1528 4215 1813 4324 philosophiae,
1844 4217 1963 4298 itaet
1991 4217 2181 4302 historiae
2214 4219 2345 4302 studia

371 4391 501 4494 tutari,
530 4415 766 4498 promovere
798 4395 837 4470 et
865 4385 985 4470 altius
1018 4385 1185 4470 evehere
1217 4385 1378 4496 coepisti
1399 4383 1690 4476 immortalibus
1720 4383 1818 4468 Tuis
1840 4385 1965 4470 literis
1988 4385 2049 4468 die
2076 4389 2139 4468 18.
2164 4387 2343 4496 Augusti

371 4555 466 4634 anni
496 4553 756 4664 praeterlapsi
787 4553 900 4662 datis,
918 4535 1035 4662 'quae
1065 4553 1245 4634 omnium
1275 4551 1474 4634 bonorum
1503 4553 1644 4664 plausu
1669 4561 1707 4636 et
1736 4551 1981 4636 eruditorum
2006 4583 2161 4636 summo
2194 4555 2343 4664 gaudio

371 4719 531 4808 fuerunt
561 4733 759 4834 exceptae.
810 4721 891 4808 Eas
923 4723 1030 4804 enim
1060 4721 1224 4806 afflante
1247 4721 1333 4806 Deo
1358 4721 1403 4806 Ο.
1426 4721 1480 4804 Μ.
1513 4677 1732 4806 uberrimos
1762 4721 1916 4806 fructus
1946 4721 2146 4808 Ecclesiae
2176 4753 2344 4808 novam-

371 4917 448 4998 que
477 4891 716 5002 reipuhlioae
752 4889 950 4974 literariae
980 4891 1246 4974 accessionem
1276 4899 1535 5000 generaturus
1571 4889 1657 4974 fore
1686 4891 1909 5000 confidunt,
1951 4919 2052 5000 quae
2083 4901 2233 5000 quanto
2265 4891 2343 4976 fre-

278 5021 280 5026 ·
372 5063 556 5168 quentius'
587 5063 795 5170 expetitur,
827 5067 938 5142 tanto
970 5059 1098 5142 rarius
1130 5063 1338 5168 contingit.

524 5231 701 5342 Sapienti
731 5257 825 5312 sane
849 5227 1025 5338 oonsilio,
1058 5227 1272 5312 beatissime
1295 5229 1428 5334 Potor,
1458 5229 1673 5338 probatum
1694 5255 1719 5308 a
1748 5225 1802 5308 Tr
1826 5235 1863 5310 et
1886 5227 2089 5310 decretum
2111 5227 2196 5336 suit,
2223 5227 2343 5334 juxta

369 5393 536 5482 sanetae
566 5399 821 5510 Apostolicae
852 5395 963 5480 Sedis
995 5397 1191 5480 tabularia
1229 5395 1381 5480 edenda
1412 5403 1451 5478 et
1479 5394 1744 5504 imprimenda
1781 5423 1866 5478 esse
1896 5393 2172 5478 Romanorum
2202 5393 2343 5476 Ponti·

368 5565 486 5652 ficum
515 5569 865 5680 praedecessorum
890 5567 1069 5650 Tuorum
1093 5565 1278 5678 Begeda,
1313 5591 1518 5676 quumque
1550 5593 1596 5648 ea
1621 5565 1707 5672 jam
1738 5591 1959 5674 permagna
1990 5591 2040 5646 ex
2070 5571 2184 5672 parte
2213 5587 2341 5668 usque
2421 5555 2423 5558 ’

368 5737 419 5818 ad
458 5769 609 5824 annum
640 5741 723 5824 Ino.
757 5739 868 5822 1304
905 5741 948 5822 in
980 5735 1197 5820 Germania
1231 5767 1255 5820 a
1285 5735 1470 5846 Philippo
1502 5731 1608 5816 Jaffe
1647 5741 1686 5816 et
1723 5733 1913 5842 Augusto
1943 5731 2146 5838 Potthast‚
2189 5729 2340 5838 absque

368 5905 498 5984 tamen
531 5903 1162 5988 Vaticanorum'Tabulariorum
1193 5905 1359 6014 auxilio,
1398 5903 1598 6014 publicata
1628 5903 1794 6010 fuerint,
1835 5931 1882 5986 ea
1920 5909 2146 6012 opportuno
2178 5897 2337 6008 supple-

366 6081 499 6154 mento
529 6073 747 6158 munienda
770 6083 808 6158 et
830 6071 996 6156 ulterius
1019 6071 1301 6156 continuanda.
1344 6073 1509 6156 Dudum
1539 6071 1643 6154 enim
1665 6073 1770 6152 inter
1793 6071 1978 6176 eruditos
2002 6069 2121 6150 etiarn
2148 6063 2338 6146 acatholi-
