5426 6726
2180 263 2232 328 IX

249 469 429 550 instituta
459 465 681 572 revocavit,
720 493 792 572 pro
825 461 1115 570 Orientalibus,
1154 463 1365 548 Maronitis
1397 465 1647 574 potissimum
1680 471 1719 546 et
1753 459 1930 568 Graecis,
1972 459 2014 540 in
2052 455 2232 540 doctrina

253 661 347 718 sana
376 633 441 714 vel
473 629 756 714 conservandis
788 633 853 714 rel
884 631 936 712 ad
967 659 1055 714 eam
1086 631 1334 716 attrahendis
1367 637 1530 714 strenue
1560 629 1768 714 laboravit.
1820 627 1863 712 Is
1895 627 2027 710 dirum
2049 625 2232 732 schisma,

254 797 359 908 quod
388 799 430 878 in
458 795 720 880 conciliabulo
746 795 895 880 Pisano
925 797 1137 906 praecipue
1164 803 1282 906 caput
1313 795 1468 904 extulit,
1499 797 1806 878 mansuetudine
1836 823 1919 878 non
1949 799 2082 878 minus
2112 821 2233 904 quarn

254 961 462 1074 prudentia
500 991 571 1044 sua
602 963 815 1070 exstinxit,
857 965 902 1044 in
935 963 1066 1046 Gallia
1105 961 1323 1046 infaustam
1361 963 1473 1046 illam
1510 963 1742 1074 disciplinae
1781 965 2071 1074 corruptelam,
2112 991 2234 1074 quam

254 1131 547 1236 Pragmaticam
577 1127 832 1212 Sanctionem
863 1128 1131 1240 appellabant,
1161 1131 1262 1212 inita
1292 1159 1383 1214 cum
1413 1129 1626 1214 Francisoo
1658 1131 1772 1242 Rege
1802 1133 2016 1217 concordia
2045 1133 2234 1242 abolevit,

255 1327 325 1410 pro
357 1297 570 1380 christiano
611 1299 705 1380 orbe
742 1297 877 1406 plures
909 1299 1194 1380 saluberrimas
1226 1297 1531 1380 constitutiones
1569 1325 1593 1380 0
1623 1295 1786 1408 Synodo
1819 1297 2058 1382 Tridentino
2096 1309 2242 1410 postea

257 1467 438 1576 repetitas
471 1471 509 1544 01
539 1463 798 1574 amplificatas
829 1467 871 1546 in
903 1463 1082 1548 Concilio
1112 1463 1164 1548 V.
1194 1461 1461 1550 Lateranensi
1490 1465 1773 1576 promulgavit.
1832 1463 1986 1566 Quodsi
2018 1465 2095 1550 hoc
2126 1465 2232 1550 Con-

259 1631 390 1714 cilium
427 1633 728 1714 oecumenicum
765 1631 972 1716 uberiores
1012 1661 1078 1716 eos
1115 1633 1269 1716 fruetus
1309 1661 1391 1716 non
1425 1635 1534 1742 tulit,
1574 1635 1643 1742 qui
1673 1635 1938 1716 communiter
1970 1635 2235 1744 sperabantur

260 1799 457 1908 (quamvis
497 1809 542 1910 et
579 1803 782 1884 maximus
822 1803 854 1884 is
895 1801 1031 1908 fuerit,
1072 1801 1179 1910 quod
1218 1813 1359 1884 contra
1396 1801 1686 1886 Basileensium
1726 1809 1953 1886 commenta
1990 1799 2151 1910 plenam
2190 1833 2238 1888 ac

260 1995 456 2052 summam
485 1967 660 2052 Romani
688 1967 895 2052 Pontificis
926 1971 1201 2052 auctoritatem
1232 1971 1440 2078 perspicue
1470 1967 1632 2052 tradidit
1661 1977 1700 2050 et
1727 1969 1981 2076 vindicavit),
2012 1977 2238 2080 temporum

261 2135 437 2244 nequitia
467 2143 506 2218 et
535 2135 684 2244 injuria
714 2135 939 2220 accusanda
971 2145 1050 2246 est,
1081 2163 1164 2220 non
1196 2137 1372 2244 supremi
1401 2133 1580 2218 Pastoris
1610 2133 1818 2244 uoluntas,
1850 2135 1938 2244 qui,
1971 2139 2239 2244 quantumin

264 2331 304 2388 se
335 2311 435 2412 erat,
474 2305 711 2412 grauissima
749 2303 828 2386 illis
856 2303 1044 2386 Patribus
1082 2305 1290 2412 proposuit
1319 2305 1482 2412 negotia
1521 2305 1569 2384 de
1605 2301 1684 2384 fide
1720 2313 1759 2388 et
1797 2303 1996 2412 moribus,
2036 2305 2085 2386 de
2123 2271 2240 2388 disci·

264 2469 387 2582 plina,
420 2469 468 2552 de
499 2469 711 2554 saecularis
741 2499 834 2552 cunr
863 2469 1043 2578 regulari
1072 2469 1179 2554 clero
1210 2473 1506 2578 controuersiis,
1538 2469 1587 2554 de
1617 2469 1764 2554 scholis
1796 2479 1836 2552 et
1866 2469 1914 2550 dc
1944 2469 2084 2554 Divini
2114 2469 2242 2556 Verbi

264 2637 535 2748 praeconibus,
561 2637 611 2722 de
632 2637 871 2722 Kalendarii
892 2637 1066 2724 Romani
1088 2641 1341 2724 correctione.
1388 2639 1529 2748 Taceo,
1560 2639 1666 2750 quod
1687 2637 2037 2748 praedecessorum
2061 2639 2242 2724 omnium

265 2811 440 2890 adinstar
470 2807 722 2888 concordiam
744 2809 849 2888 inter
872 2805 1109 2890 christianos
1133 2809 1329 2916 principes
1353 2811 1575 2910 restituere,
1607 2835 1858 2890 communem
1883 2805 2090 2888 christiani
2113 2811 2242 2888 nomi·

265 2979 325 3058 nis
356 2973 531 3082 hostem,
570 2971 762 3054 Selimum
795 2973 1018 3054 Turcarum
1048 2983 1266 3084 tyrannum
1297 2973 1630 3084 crudelissimum,
1668 2975 1903 3084 reprimere,
1934 2971 2241 3056 Emmanuelem

202 3237 204 3242 ¹
266 3171 456 3252 magnum
481 3141 714 3224 Lusitaniae
740 3139 894 3250 Regem
925 3169 1008 3222 non
1037 3145 1170 3224 minus
1202 3171 1322 3250 quam
1351 3141 1650 3222 Ferdinandum
1680 3141 1836 3250 Regem
1863 3141 2106 3222 catholicum
2136 3141 2242 3250 ejus·-

267 3341 342 3420 que
372 3319 558 3420 nepotem
596 3319 635 3392 et
671 3337 940 3392 successorem
971 3303 1161 3392 Carolum
1200 3313 1243 3392 in
1279 3310 1492 3420 praeclaris
1524 3309 1845 3420 expeditionibus
1876 3309 2241 3418 certaminibusque

269 3481 376 3562 omni
406 3478 525 3560 modo
552 3477 695 3586 juvare
725 3505 772 3558 ac
801 3477 948 3584 fovere,
980 3473 1141 3558 demum
1172 3479 1214 3558 in
1244 3477 1351 3560 civili
1381 3481 1605 3588 principatu
1634 3477 1898 3588 gubernando
1921 3481 2064 3560 miram
2088 3479 2241 3586 sagaci·

267 3655 388 3728 tatem
419 3651 456 3726 et
487 3651 693 3754 paternam
725 3645 975 3750 suavitatem,
1006 3643 1261 3752 prudentiam
1291 3643 1473 3726 simulet
1499 3643 1695 3752 justitiam
1727 3645 1854 3726 amico
1885 3643 2043 3728 foedere
2068 3645 2242 3754 jungere

269 3815 587 3924 populorumque
618 3815 693 3898 sibi
723 3813 975 3896 subditorum
1005 3817 1307 3924 prosperitatem
1337 3839 1488 3920 augere
1518 3813 1704 3896 omnibus
1735 3813 1888 3894 viribus
1917 3813 2081 3894 adnisus
2114 3821 2183 3894 est.

165 3945 167 3950 V
430 3979 577 4062 Fateor
617 3981 801 4088 equidem
836 3983 880 4062 in
920 4009 966 4062 eo
998 3979 1238 4062 Pontificatu
1277 3977 1472 4062 nonnulla
1511 3979 1625 4062 nobis
1662 3977 1782 4062 hodie
1820 3977 1937 4060 valde
1976 3977 2182 4088 displicere
2219 4009 2243 4062 a

269 4149 411 4230 nostris
440 4147 618 4230 moribus
650 4159 689 4230 01
719 4177 742 4230 0
773 4151 972 4256 praesenti
1004 4147 1211 4258 disciplina
1240 4147 1386 4256 aliena,
1427 4155 1471 4230 ut
1500 4137 1785 4230 beneficiorum
1817 4147 2172 4230 ecclesiasticorum
2199 4151 2242 4230 in

269 4317 408 4398 iisdem
436 4317 615 4426 personis
647 4317 959 4400 cumulationem
992 4327 1030 4398 et
1066 4317 1214 4400 abusus
1247 4319 1376 4398 varios
1406 4317 1499 4398 iude
1529 4317 1734 4426 profectos.
1788 4315 1867 4399 Sed
1898 4345 1950 4398 ne
1979 4317 2112 4428 priora
2143 4325 2244 4398 tem-

271 4509 367 4590 pora
392 4485 539 4566 nostris
558 4485 771 4564 metiamur
791 4483 1001 4588 mensuris
1029 4481 1216 4590 efflagito
1262 4481 1420 4566 Deinde
1441 4485 1590 4566 malum
1613 4485 1721 4566 istud
1748 4511 1794 4566 ea
1817 4493 1926 4566 aetas
1950 4513 1974 4566 a
1998 4483 2154 4566 duobus
2177 4481 2243 4566 1101

271 4653 395 4734 tribus
425 4649 591 4734 saeculis
621 4649 866 4734 haereditate
896 4653 1013 4760 quasi
1048 4659 1251 4774 acceperat
1282 4657 1320 4734 et
1351 4651 1436 4760 ejus
1466 4651 1692 4734 eradicandi
1726 4649 1938 4736 difficultas
1971 4653 2021 4734 e'x
2053 4649 2243 4734 diuturna

272 4821 556 4902 consuetudine
587 4847 741 4928 usuque
773 4821 996 4928 principum
1028 4827 1066 4902 et
1097 4821 1304 4904 nationum
1335 4821 1510 4902 maxima
1536 4823 1620 4930 jam
1650 4827 1842 4902 evaserat.
1901 4819 2074 4902 Vulneri
2109 4829 2244 4902 tamen

274 4985 564 5094 quodammodo
590 4989 673 5096 ipse
696 4985 780 5068 Leo
803 4983 855 5066 X.
887 5013 977 5070 curn
997 4985 1173 5070 Concilio
1198 4987 1461 5070 Lateranensi
1481 4983 1542 5096 V,
1574 4995 1710 5098 postea
1730 4989 1796 5070 rel
1820 4989 1996 5070 maxime
2018 4987 2243 5070 Concilium

275 5147 551 5234 Tridentinum
588 5151 822 5260 Summique
852 5151 1066 5238 Pontifices
1097 5155 1353 5262 insequentes
1382 5155 1532 5238 mederi
1562 5153 1664 5238 felici
1694 5183 1783 5238 cum
1814 5157 1946 5238 fructu
1977 5157 2108 5238 conati
2138 5163 2242 5264 sunt,

275 5345 324 5402 ex
361 5321 504 5430 quibus
535 5319 572 5402 S.
603 5321 699 5404 Pius
730 5317 781 5400 V.
818 5319 901 5400 fere
939 5319 1126 5404 radicitus
1166 5319 1266 5402 illud
1306 5349 1470 5404 sanasse
1507 5321 1695 5406 dicendus
1727 5331 1796 5406 est.
1856 5320 1933 5404 Illa
1972 5331 2106 5402 autem
2143 5319 2244 5402 nihil

274 5495 411 5570 contra
440 5517 513 5572 nos
552 5489 746 5598 efficiunt,
787 5517 887 5598 quae
934 5491 1194 5600 objiciuntur,
1238 5491 1306 5596 qui
1343 5491 1507 5572 minime
1537 5487 1771 5596 diffitemur,
1811 5487 1929 5598 plura
1958 5485 2025 5568 illo
2066 5475 2244 5598 tempore
