5434 6734
857 201 996 276 ANNO
1024 197 1251 276 SECUNDO
1279 199 1444 276 MENSE
1472 201 1652 278 APRlLl.
1712 201 1823 274 1814.

827 593 928 650 88888
955 589 1123 650 8818818888
1148 593 1179 650 88
1202 589 1410 668 eleemosynas
1434 591 1520 668 podis
1540 591 1647 652 altoris
1670 609 1820 668 nuncup,
1848 591 2007 668 percipere
2030 591 2175 652 valerent.
2219 589 2333 650 Iisdem

827 669 1017 728 Fordinandc
1040 675 1071 730 88
1091 667 1273 730 Franciscae
1294 669 1481 744 timentibus,
1510 691 1548 730 ne
1569 671 1668 730 dictae
1689 671 1799 730 literae
1820 669 2025 748 subreptionis
2046 671 2119 730 vitio
2141 669 2331 744 subjaceant,

827 749 962 808 declarat
981 749 1056 808 istas
1077 749 1182 808 literas
1203 751 1277 826 ipsis
1298 751 1462 826 suffragari
1482 749 1514 806 in
1535 751 1674 808 omnibus
1695 751 1821 826 perinde
1847 769 1882 808 ac
1911 751 1937 808 si
1961 750 2073 809 inillis
2095 749 2131 808 88
2152 747 2269 808 Urbani
2289 747 2331 808 II.

826 831 857 886 et
877 829 1048 886 Innocentii
1062 829 1152 886 VIII.
1173 829 1270 886 literis
1291 829 1350 886 huo
1371 829 1595 904 pertinentibus
1616 829 1731 888 mentio
1752 829 1835 886 facta
1856 829 1904 886 sit.
1943 829 1980 886 A.
2001 827 2035 888 P.
2056 829 2092 888 R.
2112 829 2152 886 M.
2190 827 2331 904 ,Sincera

825 907 1007 982 fervensque
1029 903 1167 966 8888818α
1191 907 1308 980 (Melfit.
1328 905 1332 978 Ι
1349 907 1494 964 Millinus.
1517 905 1644 964 088888
1663 907 1668 980 Ι
1685 907 1858 964 Bertrandi.
1881 905 2016 966 0811Η.
2039 907 2076 964 de
2098 903 2178 978 088.)
2199 907 2232 964 L.
2258 907 2331 962 1037

825 985 846 1042 f.
868 987 894 1044 8.
935 983 1117 1044 88818888.
1140 985 1395 1044 8888261113.
1435 985 1625 1042 Executores
1647 983 1783 1060 deputat.
1826 983 1944 1058 „Hodie
1964 1003 1983 1042 a
2002 985 2098 1044 Nobis
2120 979 2329 1042 emanarunt“.

824 1063 917 1122 Arch.
937 1063 1002 1122 Lat.
1025 1065 1062 1122 26
1082 1063 1104 1122 1.
1127 1063 1221 1138 115,b
1244 1063 1294 1138 (88
1313 1063 1451 1138 Agnellis
1470 1061 1474 1136 Ι
1491 1061 1653 1138 Bregeon).

370 1139 396 1196 9.
417 1135 513 1210 April.
587 1139 701 1198 Romae
768 1139 868 1216 (7880)
890 1140 1040 1218 Episcopo
1055 1141 1206 1202 Rosanen.
1220 1141 1388 1218 Zagabriae
1403 1141 1602 1200 commoranti
1624 1145 1654 1200 et
1674 1141 1779 1200 abbati
1798 1141 1975 1200 monasterii
1996 1141 2028 1198 in
2043 1141 2176 1198 Laustra
2195 1139 2329 1214 mandat,

389 1213 434 1280 (V·
452 1215 493 1300 ld·
604 1217 684 1292 apud
825 1225 861 1280 88
882 1219 1056 1280 8188881888
1086 1227 1116 1282 88
1144 1219 1307 1282 conventui
1329 1219 1436 1278 domus
1457 1221 1491 1280 B.
1514 1219 1628 1278 Mariae
1651 1219 1755 1298 oppidi
1774 1219 1965 1278 Rodallwere
1988 1219 2060 1278 Ord.
2081 1219 2141 1278 FF.
2162 1219 2270 1278 Minor.
2293 1219 2329 1276 88

390 1285 490 1354 Apnl.)
557 1295 585 1354 S.
606 1297 729 1354 Petrum
827 1299 943 1358 observ.
953 1299 1144 1378 Aquilegien.
1161 1299 1266 1372 dioec,
1283 1299 1335 1376 qui
1350 1317 1389 1358 ex
1403 1299 1455 1358 lite
1471 1303 1578 1358 contra
1593 1299 1760 1374 capitulum
1775 1297 1921 1356 ecclesiae
1936 1297 1964 1358 S.
1979 1297 2098 1358 Nicolai
2114 1297 2211 1374 ejusd.
2226 1297 2329 1374 oppidi

827 1381 857 1436 et
884 1377 959 1438 alios
988 1397 1039 1438 eos
1067 1379 1263 1438 molestantes
1292 1397 1384 1454 super
1413 1379 1539 1436 solemni
1565 1377 1759 1454 processione
1781 1375 1924 1452 Oorporis
1946 1375 2061 1436 Christi
2088 1381 2118 1436 et
2144 1397 2235 1454 super
2261 1375 2328 1434 aliis

824 1457 960 1532 ipsorum
980 1457 1110 1516 fratrum
1130 1455 1335 1516 laudabilibus
1355 1455 1452 1532 gestis
1473 1457 1656 1516 sententiam
1676 1475 1731 1530 pro
1753 1473 1785 1512 se
1807 1459 1838 1514 et
1858 1455 1964 1514 literas
1984 1455 2205 1514 executoriales
2225 1473 2328 1530 repor-

825 1537 984 1608 taverunt,
1015 1537 1122 1594 contra
1151 1553 1256 1592 eorum
1278 1535 1470 1594 adversarios
1491 1535 1590 1592 adlruc
1616 1535 1794 1594 temerarios
1820 1535 1851 1592 et
1877 1533 2043 1592 insolentes
2073 1533 2204 1594 efficacis
2226 1533 2328 1592 88188-

825 1615 918 1672 sionis
938 1613 1089 1690 praesidio
1109 1613 1263 1686 assistant,
1286 1615 1321 1672 88
1342 1633 1360 1672 8
1382 1613 1470 1672 818818
1492 1613 1640 1672 fratribus
1660 1613 1761 1688 rogati
1781 1611 1863 1670 easd.
1886 1613 2067 1672 sententiam
2090 1615 2120 1672 et
2141 1613 2185 1672 lit.
2207 1615 2326 1670 execat.

825 1693 856 1750 in
877 1691 1012 1750 ecelesiis
1040 1709 1142 1750 coram
1169 1691 1281 1768 populo
1307 1693 1413 1768 legant
1442 1711 1476 1750 ae
1505 1691 1602 1750 dictos
1623 1691 1813 1750 adversarios
1834 1693 1947 1768 cogant
1967 1691 2088 1766 publice
2117 1709 2187 1750 suos
2208 1707 2327 1750 errores

825 1789 861 1828 ac
880 1771 1049 1829 haereticas
1070 1769 1290 1828 obstinationes
1312 1771 1456 1846 abjurare
1485 1773 1515 1828 88
1541 1769 1649 1828 118888
1675 1769 1772 1828 literis
1800 1787 1869 1828 oum
1891 1769 2004 1828 effectu
2029 1787 2146 1846 parere.
2190 1769 2327 1844 ,Maponi

824 1845 935 1908 Nobis“
952 1845 1078 1920 (Sadol.)
1099 1849 1187 1908 Brev.
1202 1853 1274 1908 tom.
1290 1851 1307 1906 2
1322 1869 1352 1910 n.
1370 1851 1440 1924 1743
1462 1849 1657 1908 88883012
1677 1867 1705 1924 p.
1723 1849 1786 1908 105.
1809 1847 1974 1924 Grcidcrer,
1996 1849 2160 1906 Germania
2174 1847 2326 1908 Francisc.

824 1927 1029 1986 tom.Il.II
1070 1929 1164 1986 ,110

767 2005 868 2080 (7881)
888 1945 1067 2082 Ηο88888111
1086 2005 1173 2064 Ρ8188
1193 2005 1324 2064 01881811
1346 2005 1520 2064 08888888.
1541 2007 1572 2062 88
1592 2005 1749 2062 Bernardo
1770 2005 1863 2064 Ribot
1885 2005 2030 2064 canonico
2056 2005 2127 2064 eool.
2150 2003 2323 2062 Gerunden.

825 2083 961 2144 districte
982 2085 1138 2162 praecipit,
1160 2089 1194 2142 88
1210 2089 1316 2142 contra
1330 2083 1455 2144 Petrum
1470 2083 1574 2144 Rocha
1587 2101 1642 2160 pro
1658 2083 1767 2142 clerieo
1783 2103 1816 2142 se
1829 2087 1986 2160 gerentem
2003 2087 2033 2142 et
2047 2083 2121 2142 alios
2136 2083 2165 2140 in
2181 2083 2324 2140 Prioratu

823 2165 858 2222 B.
878 2161 993 2222 Mariae
1014 2163 1050 2220 88
1071 2163 1190 2222 Latone
1212 2161 1247 2224 O.
1263 2163 1291 2222 S.
1306 2163 1387 2236 Aug.
1402 2163 1451 2222 vel
1466 2163 1494 2222 S.
1510 2165 1584 2222 Ben.
1606 2161 1779 2222 Gerunden.
1802 2161 1895 2222 dioec.
1911 2163 1995 2222 Julio
2012 2161 2040 2222 S.
2054 2161 2169 2220 Mariae
2189 2161 2221 2220 in
2234 2161 2325 2220 Dom-

823 2241 891 2300 nice
913 2241 987 2300 diac.
1008 2241 1100 2314 Oard.
1121 2241 1330 2300 commendato
1358 2243 1493 2300 intrusos
1520 2241 1687 2318 procedant
1715 2245 1746 2300 et
1772 2259 1838 2314 eos,
1868 2241 1920 2316 qui
1940 2241 2112 2300 Prioratum
2133 2241 2323 2316 praedictum

823 2323 940 2378 armata
954 2337 1046 2376 manu
1061 2323 1249 2394 occuparunt
1271 2323 1301 2376 et
1322 2319 1421 2378 adhuc
1437 2319 1582 2394 detinent,
1604 2319 1662 2376 nisi
1681 2321 1764 2378 intra
1779 2319 1914 2378 triduum
1937 2337 2005 2378 eum
2021 2319 2197 2392 dimiserint,
2219 2317 2323 2394 poenis

824 2401 854 2458 et
881 2397 1015 2456 censuris
1043 2397 1188 2474 affligant.
1232 2397 1463 2474 ,Superioribus
1491 2395 1614 2460 diebus“
1644 2395 1770 2472 (88881.)
1798 2399 1888 2458 Brer.
1909 2401 1981 2458 tom.
2003 2401 2019 2456 2
2042 2419 2070 2458 n.
2093 2401 2165 2474 1733
2192 2399 2322 2456 881830

764 2553 865 2632 (7882)
893 2495 1005 2632 Megem
1027 2555 1210 2614 catholicum
1230 2555 1389 2630 hortatur,
1419 2559 1452 2614 88
1472 2557 1686 2632 procuratores
1708 2559 1770 2614 tam
1790 2555 1825 2614 Β.
1847 2553 1937 2614 dard.
1960 2553 1989 2614 8.
2009 2555 2124 2614 Mariae
2144 2557 2176 2614 in
2195 2553 2321 2614 Porticu

821 2635 929 2692 missos
949 2635 988 2692 ad
1009 2635 1218 2710 exequendam
1240 2635 1393 2710 quandam
1415 2635 1588 2694 citationem
1612 2635 1718 2692 contra
1738 2635 1758 2692 J
1762 2633 1909 2692 ohannem
1932 2635 2022 2710 episc.
2043 2634 2208 2692 Almerien.
2231 2653 2322 2710 super

822 2713 945 2772 8888818
966 2713 1003 2770 88
1022 2713 1145 2770 088888
1165 2713 1197 2772 18
1218 2712 1347 2772 88818818
1359 2713 1502 2788 Bmgen„
1526 2731 1615 2788 quam
1630 2713 1784 2772 Francisci
1803 2713 1839 2772 de
1855 2711 2061 2774 Oovarrubios
2081 2713 2202 2786 notarii,
2225 2731 2321 2770 eame-

822 2791 894 2850 rarii
922 2797 951 2850 88
978 2791 1048 2850 fam.
1077 2791 1124 2850 sni
1152 2793 1293 2850 88888888
1319 2791 1443 2852 liberari
1471 2811 1507 2850 ao
1535 2809 1639 2850 eorum
1667 2795 1697 2850 et
1723 2791 1818 2866 ipsius
1839 2791 1995 2850 Francisci
2021 2791 2102 2850 8888
2129 2795 2321 2866 sequestrata

822 2869 954 2930 relaxari
980 2869 1083 2932 faciat.
1125 2869 1212 2944 ,Non
1240 2871 1303 2930 sins
1330 2869 1423 2930 animi
1442 2869 1548 2930 Nostri
1569 2867 1775 2946 8188118888181
1799 2869 1924 2944 (88881.)
1952 2873 2041 2930 Brev.
2063 2873 2135 2930 tom.
2157 2873 2174 2926 2
2195 2889 2223 2928 n.
2248 2871 2319 2944 1753

821 2949 1028 3010 88883012
1072 2949 1167 3010 ,100

763 3027 864 3102 (7883)
892 3027 1025 3088 Johanni
1046 2969 1137 3104 118188.
1159 3027 1323 3088 Almerien.
1345 3027 1483 3102 mandat,
1510 3031 1544 3088 ut
1565 3027 1647 3102 apud
1666 3027 1779 3104 Regem
1802 3027 1985 3088 catholicum
2006 3031 2093 3104 agat,
2121 3031 2156 3088 ut
2176 3046 2318 3106 procura-

821 3111 903 3166 tores
925 3107 1098 3184 (dequibus
1118 3107 1149 3166 in
1163 3109 1358 3184 praecedenti
1374 3127 1473 3166 sermo
1488 3105 1546 3180 888)
1566 3107 1735 3166 liberentur
1756 3111 1786 3166 et
1801 3127 1905 3166 eorum
1920 3109 2001 3168 8888
2013 3109 2199 3166 relaxentur.
2232 3105 2318 3184 ,Nou

821 3187 885 3244 sine
906 3187 997 3244 animi
1017 3185 1123 3244 Nostri
1144 3181 1350 3262 8188118888181
1375 3183 1499 3260 (88881.)
1520 3187 1608 3244 Brev.
1631 3191 1701 3244 torn.
1724 3189 1791 3244 211.
1815 3189 1887 3262 1763
1909 3191 1979 3246 tom.
2001 3187 2076 3244 801.
2098 3189 2115 3244 2
2135 3207 2164 3262 p.
2187 3189 2252 3246 110.

762 3263 864 3336 (7884)
893 3265 992 3322 Priori
1025 3265 1201 3340 provinciali
1226 3283 1310 3340 prov.
1340 3265 1526 3322 Teutonicae
1553 3265 1626 3324 Ord.
1652 3265 1761 3322 Praed.
1789 3265 1894 3326 scribit
1921 3283 1953 3322 se
1980 3263 2085 3323 literas
2114 3265 2172 3340 ipsi
2198 3265 2316 3338 missas,

821 3343 930 3420 quibus
949 3347 1162 3420 praeceperat,
1190 3361 1209 3400 8
1245 3361 1306 3402 888
1328 3363 1395 3404 888
1416 3343 1596 3420 primatibus
1617 3343 1763 3402 fratribus
1784 3343 1880 3420 ejusd.
1901 3343 2075 3420 provinciae
2096 3361 2164 3402 curn
2186 3363 2316 3402 commu-

820 3423 915 3482 nitate
935 3423 1063 3482 Bernen.
1082 3421 1281 3482 concordaret
1302 3441 1392 3502 super
1408 3421 1545 3500 expensis
1561 3423 1719 3482 occasione
1734 3423 1924 3498 quorundam
1946 3423 2012 3498 ejus
2032 3421 2166 3498 provinc.
2187 3423 2314 3482 fratrum

822 3503 1032 3562 damnatorum
1046 3503 1144 3578 factis,
1160 3501 1353 3580 suspendere.
1391 3501 1527 3580 „Exponi
1539 3499 1652 3562 118818ιι
1670 3501 1794 3576 (88881.)
1816 3503 1904 3562 Brev.
1925 3505 2031 3562 88182
2050 3501 2166 3580 8.177;
2186 3505 2258 3562 888.
2279 3505 2316 3558 30

762 3659 863 3734 (7888)
884 3599 963 3736 Mag.
979 3661 1094 3718 Jacobo
1109 3661 1263 3720 Simoneta
1284 3661 1439 3736 capellano
1462 3679 1515 3718 suo
1538 3663 1567 3718 et
1588 3679 1749 3718 causarum
1768 3661 1802 3720 P.
1822 3659 1859 3718 Α.
1880 3661 2013 3718 auditori
2033 3659 2166 3734 mandat,
2187 3679 2207 3718 u
2243 3659 2315 3716 Ber·

820 3739 915 3798 nardo
937 3739 1033 3800 Ordas
1055 3739 1126 3798 cler.
1147 3739 1311 3814 Legionem
1333 3741 1437 3810 dioec,
1460 3739 1538 3814 Mag.
1559 3739 1579 3796 J
1582 3739 1629 3798 oh.
1648 3739 1775 3796 Antonii
1796 3739 1832 3798 88
1853 3739 2016 3796 1888181888
2038 3739 2140 3814 script.
2162 3735 2313 3810 familiari,

820 3817 990 3876 Prioratum
1013 3817 1041 3878 S.
1062 3817 1217 3876 Michaelis
1244 3819 1281 3876 de
1301 3817 1429 3878 Scalada
1450 3817 1485 3876 O.
1506 3817 1534 3876 S.
1556 3817 1593 3876 A.
1616 3817 1715 3876 dictae
1743 3817 1852 3890 81888,
1884 3835 1974 3894 quem
2001 3821 2091 3876 88888
2110 3817 2313 3890 Hieronymus

821 3897 911 3974 episc.
932 3897 1049 3958 Nician.
1077 3897 1109 3956 in
1136 3895 1341 3958 commendam
1364 3897 1535 3970 obtinebat,
1564 3895 1590 3954 si
1616 3895 1692 3954 nulli
1711 3895 1896 3972 litigantium
1925 3897 1962 3956 88
1984 3913 2052 3954 eum
2070 3895 2121 3972 jus
2143 3897 2313 3972 competere

821 3977 1005 4052 constiterit,
1035 3977 1245 4036 commendare
1266 3979 1361 4036 curet.
1405 3975 1593 4050 „Literarum
1614 3973 1757 4035 scientia“
1780 3975 1908 4050 (bivang.
1933 3973 1937 4050 Ι
1961 3973 2046 4036 [irat.
2067 3995 2096 4054 p.
2118 3975 2189 4036 fam.
2210 3973 2312 4048 script.

819 4057 917 4114 Draco
936 4054 939 4127 l
957 4055 1084 4114 Verdes
1106 4053 1180 4114 0811.
1201 4053 1320 4132 inell.)
1341 4055 1375 4114 L.
1400 4055 1515 4114 10231.
1536 4055 1602 4114 203.

761 4131 861 4208 (7886)
889 4135 1022 4192 Johanni
1043 4135 1080 4192 88
1101 4133 1170 4210 May
1197 4135 1310 4194 rectori
1336 4153 1400 4210 par.
1429 4133 1500 4192 eccl.
1523 4133 1550 4192 8.
1571 4131 1704 4210 dongari
1724 4133 1872 4194 Veneten.
1895 4133 2005 4208 81888,
2033 4131 2112 4210 Mag.
2132 4133 2164 4192 18
2185 4133 2313 4208 artibus,

818 4213 967 4270 indultum
996 4213 1076 4270 circa
1103 4213 1248 4272 beneficia
1276 4213 1423 4272 concedit.
1466 4211 1634 4286 „Nobilitas
1659 4207 1808 4288 generis“.
1847 4211 1941 4270 Aroh.
1961 4211 2029 4270 Lat.
2050 4215 2121 4270 tom.
2141 4215 2177 4270 28
2202 4213 2223 4270 f.
2245 4213 2310 4270 216.

634 4323 656 4330 -
761 4291 861 4366 (7887)
891 4291 1025 4350 Johanni
1047 4291 1083 4348 88
1103 4291 1182 4350 Rota
1208 4291 1280 4348 cler.
1301 4291 1438 4348 Anicien.
1467 4291 1577 4364 dioec,
1605 4291 1719 4350 baccal.
1745 4291 1776 4348 in
1804 4291 1899 4364 deon,
1928 4291 2117 4352 commendat
2137 4291 2311 4348 Prioratum

819 4371 846 4432 8.
867 4369 951 4430 Petri
972 4369 1009 4428 de
1028 4369 1161 4428 Auriaco
1184 4369 1219 4428 0.
1241 4369 1269 4428 8.
1292 4369 1325 4430 Β.
1346 4369 1482 4428 Anicien.
1505 4367 1599 4428 dioec.
1622 4389 1640 4428 a
1660 4369 1752 4430 Petro
1775 4369 1912 4428 08888811
1934 4369 2095 4430 81818888.
2138 4369 2246 4446 ,Vitae
2276 4387 2310 4428 ac

818 4445 951 4510 morum“
975 4447 1277 4524 (0888818818888.
1298 4449 1401 4508 Baena
1419 4447 1423 4522 (
1442 4445 1665 4508 8811188080.
1685 4445 1802 4522 Attar.)
1823 4447 1856 4508 L.
1880 4447 1996 4508 10041.
2017 4449 2064 4508 65.

761 4527 862 4604 (7888)
888 4527 980 4588 Petro
1002 4527 1421 4588 088888118188111888888.
1449 4527 1543 4586 dioec.
1565 4529 1703 4588 brevium
1729 4531 1826 4604 apost.
1848 4527 1986 4600 scriptori
2013 4531 2044 4586 88
2063 4525 2133 4586 farn.
2156 4545 2210 4586 suo
2232 4543 2310 4586 com·

818 4609 940 4666 mandat
959 4607 1132 4666 Prioratum
1153 4609 1182 4666 S.
1202 4607 1286 4666 Petri
1316 4609 1353 4666 de
1373 4607 1527 4682 Moyrcmo
1549 4605 1584 4666 O.
1606 4605 1635 4666 S.
1655 4605 1689 4666 Β.
1711 4605 1984 4680 088818888811888.
2006 4605 2100 4664 81888.
2128 4625 2146 4666 8
2175 4605 2244 4666 Joh.
2273 4607 2310 4664 de

818 4687 898 4744 Rota
917 4687 1113 4762 resignatum.
1154 4687 1191 4744 0.
1204 4685 1242 4744 D.
1256 4689 1287 4744 et
1301 4687 1335 4746 F.
1357 4685 1512 4762 (Evangel.
1529 4681 1533 4758 Ι
1553 4685 1638 4744 0888.
1657 4703 1686 4762 p.
1701 4685 1803 4762 script.
1817 4685 1901 4744 brer.
1923 4683 2014 4744 8888.
2036 4681 2160 4758 Β8888Ι
2180 4683 2307 4744 Salvius.

818 4765 894 4824 0811.
914 4761 1030 4836 Attar.)
1051 4765 1086 4824 L.
1109 4765 1224 4822 10041.
1245 4765 1291 4824 62.

760 4841 977 4918 (issa-7890)
998 4843 1017 4902 J
1019 4843 1130 4900 ohanni
1145 4843 1277 4900 Merrcrii
1298 4843 1368 4900 cler.
1383 4843 1531 4900 Biterren.
1547 4843 1641 4900 dioec.
1657 4843 1814 4900 ecclesiam
1827 4861 1891 4918 par.
1906 4839 1995 4900 Prio
2005 4843 2130 4900 ratum
2144 4845 2307 4918 nuncupat.

818 4921 846 4980 S.
869 4921 990 4980 Martini
1011 4921 1047 4980 88
1074 4921 1194 4980 0888818
1214 4921 1405 4996 Magalonen.
1427 4921 1521 4978 dioec.
1543 4939 1561 4978 a
1581 4921 1728 4978 Michaele
1747 4919 1908 4978 Bertrandi
1928 4921 2111 4996 resignatam
2132 4921 2171 4980 88
2192 4925 2308 4978 certum

818 5003 936 5074 tempus
957 5001 1146 5058 commendat
1177 5003 1206 5058 et
1236 4999 1344 5058 deinde
1374 4999 1499 5060 confert.
1542 4993 1764 5074 π1888881881.
1805 4999 1992 5058 8888888888
2015 4999 2149 5074 deputat.
2191 4997 2308 5074 „Hodie

818 5077 868 5136 dil.
888 5073 967 5136 filici
990 5077 1102 5154 (Sopis.
1124 5077 1160 5138 (1.
1183 5077 1219 5136 88
1239 5077 1332 5136 Prato
1352 5075 1509 5152 {Nardin.)
1530 5077 1621 5136 Arch.
1640 5077 1707 5138 Lat.
1728 5081 1800 5136 tom.
1821 5077 1857 5134 26
1878 5077 1898 5138 1.
1920 5079 1992 5152 338;
2012 5077 2034 5136 1.
2056 5077 2120 5136 340.

759 5155 860 5232 (7891)
881 5155 941 5214 Pro
962 5177 1024 5234 par.
1047 5157 1176 5216 ecclesia
1196 5155 1224 5216 8.
1244 5157 1404 5216 Laurentii
1424 5155 1593 5232 08188188,
1625 5155 1752 5234 quaein
1775 5161 1878 5216 centro
1899 5155 2030 5216 civitatis
2051 5155 2191 5230 8188888,
2219 5155 2307 5230 eujus

817 5235 993 5312 parochiani
1020 5235 1213 5310 quamplures
1241 5255 1280 5294 ex
1306 5235 1538 5294 notabilioribus
1565 5239 1596 5296 ct
1622 5235 1772 5312 primariis
1793 5235 1890 5310 ejusd.
1918 5233 1998 5296 civit.
2027 5233 2306 5308 818188888188888,

819 5313 858 5374 88
879 5333 968 5390 quam
983 5313 1092 5372 Petrus
1109 5313 1190 5374 Sultz
1205 5313 1271 5386 ejus
1288 5319 1398 5388 rector,
1419 5315 1497 5390 Mag.
1511 5315 1542 5372 in
1556 5315 1659 5386 theol,
1679 5313 1862 5388 singularem
1877 5313 1956 5390 gerit
1970 5313 2137 5390 devotionis
2153 5313 2307 5386 affectum,

820 5393 987 5468 indulgent.
1010 5391 1156 5450 concedit.
1193 5391 1255 5464 ,De
1277 5393 1374 5450 salute
1394 5387 1512 5466 gregis“
1536 5391 1700 5464 (Lambert.
1718 5389 1723 5464 Ι
1738 5389 1877 5464 Nardin.)
1897 5391 1989 5450 Arch.
2003 5393 2071 5452 Lat.
2084 5391 2142 5450 vol.
2157 5391 2186 5448 Κ
2206 5391 2226 5452 1.
2245 5391 2307 5450 168.

761 5467 864 5546 (7882)
892 5469 1057 5530 Laurentio
1086 5469 1122 5526 de
1143 5469 1336 5544 Epiphorniis
1358 5471 1469 5530 rectori
1494 5489 1557 5546 par.
1585 5471 1779 5530 eeclesiarum
1801 5469 1850 5530 SS.
1871 5471 2027 5530 {luvenalis
2049 5475 2079 5528 et
2099 5469 2310 5546 Christopbori

820 5547 947 5608 invicem
968 5547 1121 5606 unitarum
1136 5547 1277 5606 Fesulan.
1301 5547 1396 5608 dioec.
1418 5547 1512 5608 dictas
1534 5549 1674 5608 ecclesias
1688 5549 1808 5608 confert
1829 5551 1859 5608 et
1880 5549 2029 5626 quoddam
2043 5548 2190 5624 hospitale
2211 5549 2307 5622 ejusd.
