5442 6734
878 429 1015 502 8888
1044 427 1224 502 roario
1251 427 1413 500 88888
1442 387 1685 498 accusso,
1745 429 1853 502 isra.

811 669 922 752 1515.

419 807 465 864 31.
487 807 547 864 881.
629 807 743 866 Romae
809 805 935 880 (16808)
967 807 1119 866 Universis
1142 811 1171 864 et
1193 805 1317 882 singulis
1340 811 1396 864 etc.
1425 807 1522 866 Breve
1544 811 1681 880 apertum
1710 825 1800 880 super
1823 803 1960 882 captione
1989 808 2141 862 certorum
2162 803 2351 862 Beneventa-

402 881 484 948 (Prtd.
504 885 564 934 Kol.
646 887 726 958 apud
864 903 970 942 norum
983 887 1000 958 ¹,
1025 885 1075 958 881
1090 885 1235 942 vicarium
1258 885 1387 942 civitatis
1403 885 1607 942 Beneventan.
1628 883 1841 954 gubernatoris
1862 883 1977 940 nefarie
1997 883 2203 956 atrociterque
2220 879 2350 938 trucida-

443 951 525 1016 Aug.)
597 961 624 1020 S.
640 963 774 1020 Petrum.
863 967 980 1020 verant.
1013 961 1105 1038 „Oum
1127 963 1232 1020 diebus
1253 963 1390 1038 proxime
1412 957 1539 1036 8188818ιι
1564 957 1689 1032 (88881.)
1710 957 1799 1018 Brev.
1820 963 1892 1018 tom.
1916 963 1931 1016 3
1953 979 1982 1018 n.
2004 959 2058 1032 593
2080 963 2101 1016 t.
2123 959 2158 1014 31
2181 977 2209 1032 p.
2233 961 2298 1016 188.

807 1421 905 1504 1515
1055 1317 1197 1400 811110
1227 1319 1429 1400 rnnrlo
1457 1315 1635 1398 MENSE
1663 1317 1929 1400 AUGUSTO.
1984 1317 2093 1400 1515.

426 1541 549 1616 1888.
629 1541 741 1602 Romae
808 1543 936 1620 (16800)
966 1545 1056 1602 Petro
1078 1545 1272 1604 Patriarohas
1293 1545 1509 1602 Maronitarum
1531 1545 1562 1600 in
1583 1545 1678 1620 Syria.
1709 1543 1785 1602 (1818
1807 1543 1956 1618 superiori
1978 1561 2055 1602 anno
2077 1543 2188 1602 Petrus
2202 1543 2352 1602 Maronita

398 1617 471 1684 (Kal.
492 1617 572 1684 Aug.)
650 1623 730 1694 apud
865 1623 1067 1694 praesentium
1096 1623 1173 1682 liter.
1202 1625 1280 1682 lator
1310 1623 1405 1696 ejusd.
1428 1623 1632 1696 Patriarobae,
1661 1627 1695 1680 ut
1715 1623 1879 1694 asserebat,
1908 1621 2034 1678 nuntius
2061 1617 2164 1680 literas
2194 1637 2253 1678 non
2282 1623 2352 1680 dicti

599 1695 771 1756 S.Petrum.
865 1701 1067 1772 Patriarohas,
1091 1703 1143 1758 sed
1157 1701 1257 1758 Martii
1273 1697 1393 1772 (Marci)
1409 1699 1446 1756 de
1460 1699 1615 1756 Florentia
1631 1701 1701 1758 Ord.
1715 1699 1821 1758 Minor.
1844 1701 1880 1758 de
1901 1699 2019 1756 observ,
2041 1699 2219 1772 professoris
2240 1717 2275 1754 88
2296 1699 2353 1758 1881

866 1779 894 1836 S.
904 1779 1067 1836 Salvatoris
1077 1779 1193 1836 Berithi
1207 1779 1383 1852 inpartibus
1396 1775 1668 1850 Syriaeguardiaui
1682 1779 1843 1846 attulisset,
1860 1779 1890 1834 et
1904 1775 2046 1832 Pontifex
2060 1775 2241 1832 desiderium
2257 1775 2352 1834 Patri·

866 1857 975 1914 archae
996 1875 1086 1928 super
1109 1857 1257 1912 electione
1280 1855 1315 1910 88
1336 1869 1467 1928 persona
1489 1853 1582 1928 ipsius
1604 1855 1641 1910 ad
1664 1853 1819 1910 888188188
1841 1853 2059 1910 Maronitarum
2081 1851 2162 1908 18818
2184 1857 2213 1908 81
2234 1851 2352 1910 8Ρ881.

866 1931 1070 1990 confirmanda
1089 1931 1298 2004 intellexisset,
1313 1929 1510 1986 Patriarohae
1524 1931 1704 2004 rescriptum
1726 1935 1780 2002 est,
1802 1929 1956 2004 negotium
1979 1929 2009 1986 in
2025 1927 2211 1986 Sensistcrio
2234 1933 2350 1986 secreto

866 2011 1026 2084 diligenter
1048 2011 1250 2066 examinatum
1273 2027 1347 2066 esse.
1381 2007 1457 2066 Oum
1477 2025 1574 2078 8888,
1604 2025 1659 2064 888
1681 2009 1770 2064 81188
1792 2007 1871 2064 1888
1892 2005 2001 2064 Petrus
2024 2005 2061 2064 de
2084 2007 2185 2082 aliqua
2207 2007 2353 2064 electione

865 2089 911 2144 vel
933 2087 1159 2144 confirmatione
1180 2087 1323 2144 anteriori
1344 2085 1539 2144 Patriarobae
1560 2085 1777 2144 Maronitarum
1799 2085 1888 2142 fidem
1908 2083 2040 2156 fecisset,
2061 2085 2186 2140 nuntius
2207 2083 2350 2142 remissus

770 2217 772 2224 ,
866 2169 921 2238 881,
942 2169 978 2222 81
998 2165 1108 2220 habitis
1129 2169 1234 2238 postea
1256 2169 1317 2222 tam
1338 2163 1532 2220 Patriarobae
1556 2181 1645 2238 8888
1667 2162 1840 2238 apostolicis
1862 2161 1959 2220 literis
1987 2159 2061 2218 alias
2083 2179 2136 2236 per
2156 2161 2241 2218 Rom.
2264 2161 2351 2220 Ρ881.

866 2259 955 2316 super
985 2241 1161 2314 hujusmodi
1190 2241 1416 2298 confirmatione
1447 2241 1590 2298 confectis
1620 2241 1768 2298 maturius
1807 2243 1836 2298 et
1865 2237 2021 2296 decentius
2050 2237 2246 2294 Patriarobae
2274 2239 2352 2296 votis

866 2317 1005 2374 satisfieri
1026 2319 1137 2392 posset.
1166 2317 1271 2390 Nuper
1286 2321 1386 2374 autem
1407 2317 1485 2374 idom
1500 2319 1624 2374 nuntius
1642 2317 1739 2392 ejusd.
1756 2315 1951 2374 Patriarohas
1973 2315 2077 2372 literas
2093 2315 2214 2374 arabico
2235 2315 2353 2388 vulgari

867 2395 993 2466 scriptas
1016 2413 1050 2452 ao
1073 2392 1233 2466 originales
1254 2393 1359 2452 literas
1381 2391 1550 2450 Innocentii
1571 2393 1639 2464 ΙΙΙ.,
1661 2395 1829 2452 Alexandri
1851 2393 1914 2464 It,
1938 2393 2068 2466 Euganii
2082 2393 2145 2464 IV,
2166 2391 2284 2450 Nicolai
2307 2393 2351 2464 V.‚

867 2469 979 2528 Oalixti
999 2471 1057 2528 Ill.
1080 2491 1115 2528 88
1136 2471 1224 2528 Ρ8811
1244 2469 1285 2528 ΙΙ.
1316 2471 1401 2528 Rom.
1423 2471 1509 2528 Ρ881.
1532 2471 1649 2542 8818111,
1679 2477 1707 2528 81
1730 2489 1767 2528 88
1789 2469 1959 2528 1888888111
1980 2469 2040 2526 ΠΙ.
2061 2475 2091 2526 81
2111 2469 2277 2526 Alexandri
2300 2468 2352 2528 Iv.

864 2547 961 2606 literis
983 2547 1125 2606 Pontifex
1153 2549 1296 2622 percepit,
1325 2549 1393 2606 bon.
1422 2565 1507 2604 mem.
1531 2549 1693 2606 Jeremiam
1715 2549 1923 2606 Patriaroham
1946 2547 2148 2604 Antiooenum
2169 2565 2301 2622 nuncup.
2322 2547 2352 2604 in

866 2627 947 2684 civit.
969 2625 1084 2698 Tripoli
1104 2643 1206 2682 eoram
1226 2625 1357 2700 archiep.
1379 2629 1409 2682 et
1431 2625 1578 2700 episcopis
1598 2625 1630 2682 in
1649 2625 1788 2684 manibus
1808 2625 1878 2684 hon.
1901 2643 1988 2682 888.
2002 2623 2088 2682 Petri
2108 2625 2154 2682 111.
2175 2625 2204 2682 8.
2219 2625 2354 2682 Marcelli

867 2703 965 2774 presb.
988 2703 1075 2762 Oard.
1098 2707 1169 2760 tuno
1191 2703 1248 2778 Ap.
1271 2703 1354 2762 Sedis
1376 2701 1484 2778 Legati
1505 2721 1558 2778 per
1580 2703 1706 2760 eundem
1728 2703 1941 2760 Innocentium
1963 2703 2001 2760 ad
2014 2703 2180 2760 Maronitas
2203 2707 2232 2760 et
2253 2705 2355 2776 partes

867 2781 999 2838 Orientis
1021 2781 1104 2838 missi
1124 2785 1196 2838 tunc
1218 2781 1421 2838 obedientiam
1442 2799 1494 2854 pcr
1515 2781 1707 2838 Patriarohas
1729 2781 1785 2838 818.
1808 2779 1835 2838 8.
1858 2781 1928 2838 8881
1947 2779 2037 2854 juxta
2058 2779 2184 2836 formam
2207 2779 2355 2852 praestari

868 2859 986 2916 solitam
1007 2857 1195 2934 praestitisse
1225 2861 1255 2916 et
1277 2863 1375 2916 certos
1406 2857 1475 2914 fidei
1505 2859 1649 2916 articulos
1676 2877 1729 2932 per
1757 2877 1826 2916 eum
1856 2857 1981 2932 ejusque
2009 2873 2199 2914 successores
2228 2875 2298 2912 suos
2320 2875 2354 2912 ac

867 2939 980 2994 olerum
1002 2939 1032 2994 81
1052 2936 1197 3012 populum
1218 2935 1435 2994 Maronitarum
1457 2935 1621 2994 servandos
1642 2937 1811 3010 assignatos
1832 2937 1961 3010 illosque
1983 2935 2084 2992 debita
2105 2953 2172 2990 oum
2195 2935 2355 2992 devotione

866 3019 897 3072 et
923 3013 1095 3072 humilitate
1114 3033 1167 3088 per
1194 3015 1314 3072 eosdem
1334 3013 1499 3072 Maronitas
1528 3017 1667 3088 receptos
1693 3013 1788 3070 181888
1814 3015 1902 3088 81888
1931 3031 1965 3070 88
1986 3031 2013 3086 p.
2036 3015 2056 3068 t.
2087 3011 2228 3070 existenti
2257 3011 2355 3070 Patri-

866 3093 975 3150 archae
995 3091 1225 3164 Maronitarum,
1256 3095 1290 3150 81
1311 3091 1501 3162 indumentis,
1532 3091 1641 3166 quibus
1670 3091 1801 3166 episcopi
1830 3089 1917 3148 latini
1937 3093 2082 3162 utuntur,
2114 3091 2159 3146 uti
2180 3107 2214 3144 88
2243 3107 2352 3144 88888

866 3169 1104 3226 consecrationis
1126 3169 1278 3244 suscipere
1292 3189 1327 3228 ac
1341 3165 1432 3244 pallio
1455 3167 1511 3226 sibi
1524 3187 1578 3242 per
1592 3167 1800 3226 Patriaroham
1815 3167 2038 3226 Antiochenum
2054 3165 2244 3224 concedendo
2267 3167 2354 3222 etiam

866 3249 912 3304 uti
933 3249 1043 3322 posset,
1065 3265 1241 3304 conoessum
1261 3245 1363 3318 fuisse,
1386 3263 1421 3302 88
1442 3245 1561 3302 88888
1582 3245 1650 3302 11188
1672 3247 1701 3302 81
1722 3263 1825 3302 88888
1847 3243 2012 3302 Maronitas
2035 3247 2064 3300 et
2087 3261 2188 3300 eorum
2213 3243 2353 3300 ecelesias

868 3325 922 3382 sub
953 3323 987 3382 B.
1008 3323 1092 3380 Petri
1117 3325 1305 3400 protectione
1334 3327 1489 3396 susceptos
1515 3323 1625 3390 fuisset
1657 3321 1786 3380 888888
1816 3339 1937 3398 888888
1964 3319 2133 3396 Eugenium
2159 3321 2297 3396 praedec.
2326 3321 2356 3378 18

867 3419 953 3458 sauro
983 3419 1137 3460 oooumen.
1166 3401 1299 3460 Oonoilio
1321 3401 1497 3474 Florentia,
1526 3417 1593 3456 oum
1616 3401 1801 3458 Graecorum
1828 3417 1918 3474 gens,
1949 3399 2052 3474 agnita
2081 3399 2201 3456 taudem
2230 3399 2358 3456 veritate

867 3479 1010 3554 Spiritum
1032 3477 1059 3538 S.
1074 3499 1092 3538 a
1106 3479 1197 3538 Patre
1219 3483 1248 3536 ot
1263 3479 1340 3538 Pilio
1355 3477 1527 3552 procedere,
1543 3479 1647 3534 unioni
1669 3477 1696 3536 S.
1711 3477 1746 3534 R.
1762 3477 1795 3536 ll.
1817 3477 2013 3550 adhaesisset,
2035 3477 2130 3550 ipsam
2146 3477 2357 3534 adhaesionem

867 3559 936 3614 bon.
965 3575 1052 3614 mem.
1075 3557 1209 3616 dohanni
1229 3557 1447 3616 Maronitarum
1468 3555 1665 3612 Patriarobae
1691 3555 1878 3626 insinuasse3
1907 3555 2079 3630 praefatum
2105 3573 2178 3612 vcro
2200 3555 2357 3612 Nicolaum

867 3635 1006 3708 praedae.
1027 3637 1095 3692 bon.
1118 3653 1205 3692 mem.
1226 3633 1350 3692 Petrum
1364 3633 1573 3690 Patriaroham
1587 3633 1806 3690 Maronitarum
1827 3633 1988 3702 monuisse,
2010 3635 2045 3690 ut
2059 3633 2201 3690 unionem
2223 3635 2358 3706 tempore

869 3711 940 3770 dicti
961 3713 1090 3786 Eugenii
1112 3731 1181 3770 oum
1202 3711 1230 3768 S.
1252 3711 1287 3768 R.
1309 3713 1342 3770 11.
1363 3711 1469 3768 181188
1491 3711 1667 3768 observaret
1688 3713 1717 3768 et
1739 3711 1894 3768 observari
1914 3709 2045 3780 faceret,
2067 3711 2160 3784 atque
2179 3709 2249 3766 bon.
2271 3727 2358 3764 888.

868 3789 1021 3846 Andream
1049 3789 1181 3864 archiep.
1201 3789 1353 3846 Nicosien.
1376 3787 1403 3846 S.
1426 3787 1510 3846 Sedis
1532 3789 1680 3862 Legatum
1706 3789 1738 3844 in
1760 3807 1854 3862 regno
1876 3783 1970 3860 prri
2000 3789 2029 3842 81
2051 3787 2116 3844 81118
2138 3783 2271 3844 Orientis
2292 3803 2359 3858 par-

869 3867 948 3924 tibus
971 3867 1143 3942 deputasse,
1175 3871 1207 3924 ut
1227 3867 1307 3924 idem
1327 3867 1438 3924 Petrus
1459 3867 1638 3924 Patriaroha
1658 3865 1756 3922 medio
1778 3865 1873 3940 ipsius
1895 3863 2037 3920 Andreae
2060 3863 2190 3936 archiep.
2213 3863 2250 3920 88
2273 3861 2359 3920 eund.

867 3945 1026 4002 Nicolaum
1042 3945 1179 4018 praedco.
1195 3963 1351 4002 recursum
1372 3943 1485 4002 habero
1506 3947 1624 4016 posset3
1645 3961 1763 4000 necnon
1778 3943 1950 4016 praefatum
1965 3939 2092 3998 Paulum
2108 3939 2247 4015 praeder..
2262 3945 2361 3998 certos

866 4021 936 4080 fidei
966 4023 1110 4080 articulos
1141 4041 1194 4096 per
1223 4019 1416 4080 Patriarohas
1447 4023 1477 4078 et
1503 4021 1723 4078 Maronitarum
1754 4021 1882 4094 populos
1914 4017 2078 4076 servandos
2108 4017 2205 4075 literis
2234 4017 2295 4074 suis
2323 4017 2360 4074 ad

868 4099 956 4156 eund.
978 4099 1102 4158 Petrum
1125 4099 1334 4158 Patriaroham
1363 4097 1521 4154 destinatis
1541 4097 1704 4154 inseruisse
1731 4115 1765 4154 88
1784 4097 1856 4170 jura
1878 4097 1908 4152 et
1935 4095 2104 4152 laudabiles
2125 4095 2361 4152 eonsuetudines

868 4175 1014 4234 ecclesiae
1041 4177 1259 4234 Maronitarum
1286 4179 1470 4252 approbasse
1493 4181 1548 4234 eto.
1580 4175 1652 4230 Tam
1683 4191 1720 4230 ex
1748 4173 1845 4232 literis
1872 4173 2028 4230 Francisci
2056 4173 2175 4230 Suriani
2202 4173 2274 4230 Ord.
2301 4171 2361 4228 NP.

868 4253 966 4310 Minor
998 4255 1034 4310 de
1055 4257 1173 4312 observ.
1196 4255 1272 4328 prof.
1295 4253 1467 4328 provinciae
1490 4251 1517 4310 8,
1538 4251 1692 4308 Pranoisoi
1713 4251 1745 4308 18
1760 4251 1847 4326 Syria
1868 4267 1959 4324 quarn
1980 4267 2016 4306 ex
2039 4249 2135 4308 literis
2156 4251 2250 4324 ipsius
2266 4249 2363 4308 Patri-

869 4331 977 4386 arobae
998 4329 1143 4390 Pontifex
1162 4331 1320 4402 intellexit,
1350 4329 1515 4386 Maronitas
1537 4329 1725 4386 orthodoxae
1753 4329 1823 4386 fidei
1850 4345 1938 4384 veros
1968 4327 2101 4386 cultores
2123 4345 2205 4404 esse3
2236 4347 2304 4384 oum
2327 4345 2362 4384 ex

868 4407 1062 4464 Patriarobae
1085 4407 1179 4464 literis
1200 4409 1275 4464 nihil
1298 4407 1333 4464 de
1355 4405 1546 4480 processione
1568 4405 1696 4480 Spiritus
1718 4405 1821 4464 Sancti
1847 4407 1878 4464 18
1899 4403 1970 4462 8881
1990 4405 2178 4478 professione
2204 4407 2361 4480 appareat,

868 4481 1001 4554 mandat,
1023 4489 1056 4542 ut
1079 4485 1261 4542 catholicum
1284 4485 1401 4558 dogma,
1428 4485 1508 4556 quod
1529 4483 1566 4540 iis
1588 4483 1727 4558 explicat,
1760 4487 1893 4554 teneant,
1925 4481 2052 4540 doceant
2083 4501 2117 4538 ac
2145 4481 2364 4554 confiteantur3

867 4561 1043 4618 mandatum
1064 4561 1144 4618 circa
1159 4561 1378 4618 confectionem
1394 4559 1574 4632 chrismatis,
1596 4561 1677 4616 circa
1691 4561 1887 4634 peccatorum
1903 4557 2121 4614 confessionem
2138 4559 2263 4632 singulis
2279 4559 2365 4614 annis

867 4639 1036 4694 faciendam
1059 4643 1089 4694 et
1104 4637 1314 4694 Eucharistiae
1329 4635 1568 4694 communionem
1589 4637 1627 4694 88
1641 4635 1739 4694 81888
1760 4637 1791 4694 18
1805 4635 1924 4694 Pascha
1945 4639 2120 4692 reverenter
2141 4635 2363 4708 suscipiendam

868 4715 1023 4788 adjungit,
1045 4714 1222 4772 electionem
1236 4713 1433 4772 Patriarohas
1448 4713 1595 4788 approbat
1610 4731 1644 4770 ao
1659 4731 1713 4788 pro
1727 4713 1841 4788 potiori
1856 4713 1977 4770 cautela
1991 4731 2059 4770 eum
2075 4711 2220 4770 ecclesiae
2234 4713 2365 4770 Maroni-

869 4797 969 4850 tarum
1000 4791 1135 4866 praeficit
1163 4795 1194 4850 in
1214 4791 1423 4850 Patriaroham
1454 4797 1484 4848 et
1511 4795 1666 4864 pastorem
1696 4791 1785 4866 81888
1813 4791 1940 4866 pallium
1970 4809 2032 4846 una
2060 4807 2128 4846 cum
2153 4791 2365 4864 praesentibus

869 4869 1048 4926 transmittit
1068 4873 1161 4944 atque
1182 4869 1248 4944 ejus
1270 4869 1397 4926 subditis
1411 4869 1554 4942 injungit,
1575 4871 1609 4926 ut
1629 4869 1685 4942 ipsi
1701 4869 1905 4926 obedientiam
1926 4869 1956 4924 et
1971 4867 2171 4924 reverentiam
2195 4868 2365 4926 exhibeant.

872 4945 1077 5018 „Ounotarum
1098 4947 1179 5004 orbis
1202 4941 1414 5004 ecclesiarum“
1437 4947 1470 5004 L.
1494 4947 1610 5004 11931.
1635 4947 1698 5002 136.
2280 4965 2283 4974 ·

812 5021 939 5096 (16810)
969 5023 1060 5082 Petro
1083 5023 1212 5082 Bezerro
1229 5025 1431 5082 Thesaurario
1454 5023 1525 5080 eccl.
1547 5021 1580 5080 B.
1595 5021 1635 5080 M.
1656 5021 1758 5096 oppidi
1780 5023 1816 5078 de
1830 5019 1938 5080 Ubeda
1953 5019 2100 5078 8188888.
2123 5019 2226 5094 81888,
2246 5021 2366 5078 notario

869 5103 899 5158 et
920 5103 990 5158 fam.
1014 5121 1077 5174 suo,
1100 5101 1153 5174 qui
1173 5103 1385 5160 canonicatum
1407 5105 1437 5158 81
1457 5101 1560 5172 praeb.
1583 5101 1682 5158 diotae
1704 5099 1775 5156 eool.
1792 5097 1926 5172 dimittit,
1948 5101 2086 5154 reservat
2106 5097 2228 5156 illorum
2248 5097 2367 5156 fructus

869 5195 937 5234 curn
956 5179 1027 5252 jure
1057 5195 1222 5252 regressus,
1251 5181 1414 5238 accedente
1443 5193 1592 5234 consensu
1613 5177 1690 5250 Mag.
1713 5176 1862 5233 dohannis
1892 5175 1928 5232 de
1948 5173 2099 5248 Madrigal
2126 5175 2200 5250 cler.
2219 5173 2367 5248 Toletan,

847 5255 972 5328 script.
994 5259 1025 5314 et
1045 5255 1115 5312 fam.
1138 5255 1194 5328 881,
1217 5257 1266 5312 881
1288 5257 1324 5314 88
1345 5253 1381 5312 118
1403 5253 1590 5326 providetur.
1625 5253 1659 5310 8.
1682 5253 1718 5310 D.
1742 5257 1770 5310 et
1792 5253 1826 5310 P.
1847 5253 1882 5310 L.
1908 5253 1983 5310 1035
2003 5251 2025 5310 1.
2048 5253 2114 5310 206.

914 5393 921 5424 ¹
941 5395 1047 5442 Horum
1064 5391 1261 5442 homicidarum
1279 5397 1389 5442 nomina
1407 5393 1570 5442 exhibentur
1588 5393 1681 5442 18181.
1702 5409 1757 5456 seq.
1785 5389 1863 5454 (tom.
1883 5391 1898 5440 3
1919 5407 1944 5440 8.
1964 5387 2010 5454 60)
2030 5393 2073 5442 his
2092 5391 2197 5440 verbis:
2223 5391 2277 5456 „Li
2296 5393 2369 5440 nomi

810 5463 843 5512 do
862 5463 945 5526 quelli
964 5463 1050 5514 hanno
1070 5467 1233 5512 8818888818
1255 5463 1290 5510 M.
1310 5463 1457 5512 Francisoo
1476 5463 1547 5510 Dato
1569 5461 1603 5510 da
1623 5463 1698 5512 Trici
1718 5463 1829 5512 Vtcarto
1851 5463 1883 5512 dc
1901 5461 2073 5512 Benevento:
2096 5461 2128 5508 18
2147 5463 2241 5524 primis
2261 5475 2276 5508 e
2295 5463 2370 5524 prin-

810 5533 897 5596 cipale
915 5533 1053 5582 Laurento
1076 5531 1276 5598 Oapobiuuoho,
1295 5533 1431 5582 Vincenzo
1451 5533 1623 5582 Thomasello
1644 5533 1710 5582 alias
1731 5531 1830 5598 Gorbo,
1848 5529 1981 5580 Pederico
2000 5531 2124 5594 Pacello‚
2144 5529 2162 5580 J
2165 5547 2215 5580 cau
2235 5529 2268 5580 88
2288 5529 2370 5580 Bian-

764 5651 767 5658 ,
811 5603 897 5666 chiac,
916 5603 990 5652 dulio
1011 5603 1135 5668 Pomone,
1155 5605 1261 5652 lifariuo
1287 5601 1320 5652 de
1338 5603 1448 5664 Fresoa,
1469 5601 1616 5652 Consolato
1636 5603 1809 5666 Bouohom0‚
1834 5601 1958 5652 Raualdo
1983 5601 2057 5664 figlio
2086 5601 2118 5650 de
2135 5601 2189 5650 Pit.
2217 5599 2259 5652 dcl
2279 5599 2369 5666 Mallo⁷

812 5673 915 5720 Menaio
935 5673 978 5722 881
998 5671 1075 5724 Collo
1097 5673 1129 5722 de
1147 5673 1300 5724 Benevento
1321 5677 1347 5722 et
1365 5673 1427 5722 altri
1446 5675 1598 5736 oonpangni
1616 5673 1666 5722 ohe
1683 5687 1738 5722 non
1755 5673 1815 5722 foro
1835 5667 2012 5722 8888881811.ιι
