<?xml version="1.0" encoding="UTF-8"?>
<!DOCTYPE html PUBLIC "-//W3C//DTD XHTML 1.0 Transitional//EN"
    "http://www.w3.org/TR/xhtml1/DTD/xhtml1-transitional.dtd">
<html xmlns="http://www.w3.org/1999/xhtml" xml:lang="en" lang="en">
 <head>
  <title>
</title>
<meta http-equiv="Content-Type" content="text/html;charset=utf-8" />
  <meta name='ocr-system' content='tesseract 3.04.00' />
  <meta name='ocr-capabilities' content='ocr_page ocr_carea ocr_par ocr_line ocrx_word'/>
</head>
<body>
  <div class='ocr_page' id='page_1' title='image "./regesta00xgoog_0011.png"; bbox 0 0 5426 6726; ppageno 0'>
   <div class='ocr_carea' id='block_1_1' title="bbox 521 213 641 278">
    <p class='ocr_par' dir='ltr' id='par_1_1' title="bbox 521 213 641 278">
     <span class='ocr_line' id='line_1_1' title="bbox 521 213 641 278; baseline 0 -30"><span class='ocrx_word' id='word_1_1' title='bbox 521 213 555 278; x_wconf 70' lang='lat' dir='ltr'>X</span> <span class='ocrx_word' id='word_1_2' title='bbox 635 229 641 248; x_wconf 89' lang='lat'><em>.</em></span> 
     </span>
    </p>
   </div>
   <div class='ocr_carea' id='block_1_2' title="bbox 506 405 2484 2222">
    <p class='ocr_par' dir='ltr' id='par_1_2' title="bbox 506 405 2484 2222">
     <span class='ocr_line' id='line_1_2' title="bbox 520 405 2481 522; baseline 0.003 -34"><span class='ocrx_word' id='word_1_3' title='bbox 520 409 726 490; x_wconf 74' lang='lat' dir='ltr'>sanatione</span> <span class='ocrx_word' id='word_1_4' title='bbox 756 405 975 516; x_wconf 79' lang='lat' dir='ltr'>indiguisse</span> <span class='ocrx_word' id='word_1_5' title='bbox 1004 435 1050 492; x_wconf 91' lang='lat' dir='ltr'>ac</span> <span class='ocrx_word' id='word_1_6' title='bbox 1079 407 1375 522; x_wconf 76' lang='lat' dir='ltr'>reformatione3</span> <span class='ocrx_word' id='word_1_7' title='bbox 1409 435 1538 516; x_wconf 91' lang='lat' dir='ltr'>neque</span> <span class='ocrx_word' id='word_1_8' title='bbox 1570 411 1675 492; x_wconf 90' lang='lat' dir='ltr'>enim</span> <span class='ocrx_word' id='word_1_9' title='bbox 1706 437 1778 492; x_wconf 88' lang='lat' dir='ltr'>nos</span> <span class='ocrx_word' id='word_1_10' title='bbox 1811 409 2004 518; x_wconf 75' lang='lat' dir='ltr'>catholici,</span> <span class='ocrx_word' id='word_1_11' title='bbox 2034 419 2079 494; x_wconf 92' lang='lat' dir='ltr'>ut</span> <span class='ocrx_word' id='word_1_12' title='bbox 2108 409 2309 494; x_wconf 78' lang='lat' dir='ltr'>Ecclesiae</span> <span class='ocrx_word' id='word_1_13' title='bbox 2346 409 2481 496; x_wconf 87' lang='lat' dir='ltr'>hostes</span> 
     </span>
     <span class='ocr_line' id='line_1_3' title="bbox 519 579 2479 692; baseline 0.002 -32"><span class='ocrx_word' id='word_1_14' title='bbox 519 579 787 688; x_wconf 76' lang='lat' dir='ltr'>criminantur,</span> <span class='ocrx_word' id='word_1_15' title='bbox 818 579 846 660; x_wconf 92' lang='lat' dir='ltr'>ii</span> <span class='ocrx_word' id='word_1_16' title='bbox 876 605 1022 690; x_wconf 89' lang='lat' dir='ltr'>sumus,</span> <span class='ocrx_word' id='word_1_17' title='bbox 1055 581 1121 690; x_wconf 93' lang='lat' dir='ltr'>qui</span> <span class='ocrx_word' id='word_1_18' title='bbox 1150 583 1358 664; x_wconf 81' lang='lat' dir='ltr'>veritatem</span> <span class='ocrx_word' id='word_1_19' title='bbox 1380 587 1560 690; x_wconf 90' lang='lat' dir='ltr'>apertam</span> <span class='ocrx_word' id='word_1_20' title='bbox 1592 609 1783 692; x_wconf 78' lang='lat' dir='ltr'>negemus</span> <span class='ocrx_word' id='word_1_21' title='bbox 1817 582 1879 666; x_wconf 85' lang='lat' dir='ltr'>vel</span> <span class='ocrx_word' id='word_1_22' title='bbox 1910 582 2160 690; x_wconf 82' lang='lat' dir='ltr'>obvelemus3</span> <span class='ocrx_word' id='word_1_23' title='bbox 2196 583 2330 664; x_wconf 85' lang='lat' dir='ltr'>valere</span> <span class='ocrx_word' id='word_1_24' title='bbox 2363 581 2479 692; x_wconf 91' lang='lat' dir='ltr'>plane</span> 
     </span>
     <span class='ocr_line' id='line_1_4' title="bbox 518 749 2479 864; baseline 0.001 -32"><span class='ocrx_word' id='word_1_25' title='bbox 518 749 636 834; x_wconf 88' lang='lat' dir='ltr'>debet</span> <span class='ocrx_word' id='word_1_26' title='bbox 673 749 838 858; x_wconf 79' lang='lat' dir='ltr'>ueritas,</span> <span class='ocrx_word' id='word_1_27' title='bbox 877 749 932 832; x_wconf 90' lang='lat' dir='ltr'>ita</span> <span class='ocrx_word' id='word_1_28' title='bbox 968 757 1014 832; x_wconf 88' lang='lat' dir='ltr'>ut</span> <span class='ocrx_word' id='word_1_29' title='bbox 1052 749 1152 834; x_wconf 87' lang='lat' dir='ltr'>nihil</span> <span class='ocrx_word' id='word_1_30' title='bbox 1186 777 1232 834; x_wconf 91' lang='lat' dir='ltr'>ea</span> <span class='ocrx_word' id='word_1_31' title='bbox 1263 753 1395 860; x_wconf 90' lang='lat' dir='ltr'>potius</span> <span class='ocrx_word' id='word_1_32' title='bbox 1426 753 1491 862; x_wconf 92' lang='lat' dir='ltr'>sit,</span> <span class='ocrx_word' id='word_1_33' title='bbox 1531 754 1632 838; x_wconf 91' lang='lat' dir='ltr'>nihil</span> <span class='ocrx_word' id='word_1_34' title='bbox 1662 753 1857 838; x_wconf 80' lang='lat' dir='ltr'>habeatur</span> <span class='ocrx_word' id='word_1_35' title='bbox 1886 753 2100 864; x_wconf 88' lang='lat' dir='ltr'>antiquius.</span> <span class='ocrx_word' id='word_1_36' title='bbox 2160 751 2315 836; x_wconf 82' lang='lat' dir='ltr'>Verum</span> <span class='ocrx_word' id='word_1_37' title='bbox 2347 779 2479 834; x_wconf 84' lang='lat' dir='ltr'>cureu-</span> 
     </span>
     <span class='ocr_line' id='line_1_5' title="bbox 516 917 2479 1036; baseline 0.001 -34"><span class='ocrx_word' id='word_1_38' title='bbox 516 921 622 1002; x_wconf 90' lang='lat' dir='ltr'>datio</span> <span class='ocrx_word' id='word_1_39' title='bbox 652 921 695 1002; x_wconf 93' lang='lat' dir='ltr'>in</span> <span class='ocrx_word' id='word_1_40' title='bbox 724 919 881 1030; x_wconf 89' lang='lat' dir='ltr'>melius,</span> <span class='ocrx_word' id='word_1_41' title='bbox 919 921 1107 1004; x_wconf 90' lang='lat' dir='ltr'>correctio</span> <span class='ocrx_word' id='word_1_42' title='bbox 1145 947 1191 1002; x_wconf 89' lang='lat' dir='ltr'>ac</span> <span class='ocrx_word' id='word_1_43' title='bbox 1229 921 1458 1006; x_wconf 85' lang='lat' dir='ltr'>reformatio</span> <span class='ocrx_word' id='word_1_44' title='bbox 1496 925 1547 1008; x_wconf 86' lang='lat' dir='ltr'>ab</span> <span class='ocrx_word' id='word_1_45' title='bbox 1586 925 1711 1036; x_wconf 88' lang='lat' dir='ltr'>ipsius</span> <span class='ocrx_word' id='word_1_46' title='bbox 1741 921 1940 1008; x_wconf 85' lang='lat' dir='ltr'>Ecclesiae</span> <span class='ocrx_word' id='word_1_47' title='bbox 1964 917 2382 1032; x_wconf 63' lang='lat' dir='ltr'>&#39;primordiissemper</span> <span class='ocrx_word' id='word_1_48' title='bbox 2411 949 2479 1006; x_wconf 88' lang='lat' dir='ltr'>ne-</span> 
     </span>
     <span class='ocr_line' id='line_1_6' title="bbox 515 1089 2478 1202; baseline -0.001 -28"><span class='ocrx_word' id='word_1_49' title='bbox 515 1093 685 1174; x_wconf 88' lang='lat' dir='ltr'>cessaria</span> <span class='ocrx_word' id='word_1_50' title='bbox 719 1090 963 1202; x_wconf 88' lang='lat' dir='ltr'>proclamata</span> <span class='ocrx_word' id='word_1_51' title='bbox 999 1091 1074 1172; x_wconf 88' lang='lat' dir='ltr'>fuit</span> <span class='ocrx_word' id='word_1_52' title='bbox 1113 1091 1164 1174; x_wconf 91' lang='lat' dir='ltr'>ob</span> <span class='ocrx_word' id='word_1_53' title='bbox 1195 1089 1431 1202; x_wconf 82' lang='lat' dir='ltr'>depravatae</span> <span class='ocrx_word' id='word_1_54' title='bbox 1461 1093 1670 1176; x_wconf 90' lang='lat' dir='ltr'>hominum</span> <span class='ocrx_word' id='word_1_55' title='bbox 1700 1101 1868 1176; x_wconf 88' lang='lat' dir='ltr'>naturae</span> <span class='ocrx_word' id='word_1_56' title='bbox 1904 1093 2047 1176; x_wconf 81' lang='lat' dir='ltr'>uitium</span> <span class='ocrx_word' id='word_1_57' title='bbox 2078 1101 2116 1176; x_wconf 88' lang='lat' dir='ltr'>ct</span> <span class='ocrx_word' id='word_1_58' title='bbox 2153 1091 2199 1176; x_wconf 84' lang='lat' dir='ltr'>od</span> <span class='ocrx_word' id='word_1_59' title='bbox 2236 1093 2478 1174; x_wconf 73' lang='lat' dir='ltr'>macedonum</span> 
     </span>
     <span class='ocr_line' id='line_1_7' title="bbox 506 1260 2481 1372; baseline 0 -28"><span class='ocrx_word' id='word_1_60' title='bbox 506 1261 729 1370; x_wconf 80' lang='lat' dir='ltr'>puluerem,</span> <span class='ocrx_word' id='word_1_61' title='bbox 767 1289 839 1372; x_wconf 84' lang='lat' dir='ltr'>por</span> <span class='ocrx_word' id='word_1_62' title='bbox 869 1289 977 1370; x_wconf 78' lang='lat' dir='ltr'>quoru</span> <span class='ocrx_word' id='word_1_63' title='bbox 1016 1263 1130 1344; x_wconf 77' lang='lat' dir='ltr'>otium</span> <span class='ocrx_word' id='word_1_64' title='bbox 1167 1263 1351 1372; x_wconf 76' lang='lat' dir='ltr'>religioso</span> <span class='ocrx_word' id='word_1_65' title='bbox 1387 1261 1581 1344; x_wconf 80' lang='lat' dir='ltr'>interdum</span> <span class='ocrx_word' id='word_1_66' title='bbox 1613 1261 1734 1344; x_wconf 81' lang='lat' dir='ltr'>corda</span> <span class='ocrx_word' id='word_1_67' title='bbox 1770 1261 2016 1368; x_wconf 71' lang='lat' dir='ltr'>sordescunt,</span> <span class='ocrx_word' id='word_1_68' title='bbox 2056 1289 2143 1344; x_wconf 88' lang='lat' dir='ltr'>earn</span> <span class='ocrx_word' id='word_1_69' title='bbox 2183 1269 2244 1344; x_wconf 91' lang='lat' dir='ltr'>tot</span> <span class='ocrx_word' id='word_1_70' title='bbox 2280 1260 2481 1370; x_wconf 87' lang='lat' dir='ltr'>praeclara</span> 
     </span>
     <span class='ocr_line' id='line_1_8' title="bbox 512 1429 2481 1542; baseline 0 -30"><span class='ocrx_word' id='word_1_71' title='bbox 512 1429 716 1514; x_wconf 83' lang='lat' dir='ltr'>Ecclesiae</span> <span class='ocrx_word' id='word_1_72' title='bbox 745 1429 899 1514; x_wconf 87' lang='lat' dir='ltr'>lumina</span> <span class='ocrx_word' id='word_1_73' title='bbox 922 1441 960 1512; x_wconf 89' lang='lat' dir='ltr'>ct</span> <span class='ocrx_word' id='word_1_74' title='bbox 982 1439 1075 1516; x_wconf 83' lang='lat' dir='ltr'>autc</span> <span class='ocrx_word' id='word_1_75' title='bbox 1099 1441 1137 1514; x_wconf 89' lang='lat' dir='ltr'>et</span> <span class='ocrx_word' id='word_1_76' title='bbox 1160 1441 1249 1542; x_wconf 92' lang='lat' dir='ltr'>post</span> <span class='ocrx_word' id='word_1_77' title='bbox 1272 1431 1309 1516; x_wconf 79' lang='lat' dir='ltr'>S.</span> <span class='ocrx_word' id='word_1_78' title='bbox 1334 1431 1574 1542; x_wconf 80' lang='lat' dir='ltr'>Gregorium</span> <span class='ocrx_word' id='word_1_79' title='bbox 1596 1429 1683 1512; x_wconf 86' lang='lat' dir='ltr'>VII</span> <span class='ocrx_word' id='word_1_80' title='bbox 1704 1431 1797 1514; x_wconf 88' lang='lat' dir='ltr'>totis</span> <span class='ocrx_word' id='word_1_81' title='bbox 1821 1431 1973 1512; x_wconf 83' lang='lat' dir='ltr'>viribus</span> <span class='ocrx_word' id='word_1_82' title='bbox 1996 1441 2295 1540; x_wconf 83' lang='lat' dir='ltr'>promoverunt,</span> <span class='ocrx_word' id='word_1_83' title='bbox 2326 1459 2481 1542; x_wconf 87' lang='lat' dir='ltr'>semper</span> 
     </span>
     <span class='ocr_line' id='line_1_9' title="bbox 511 1599 2482 1714; baseline -0.001 -30"><span class='ocrx_word' id='word_1_84' title='bbox 511 1601 612 1684; x_wconf 90' lang='lat' dir='ltr'>illud</span> <span class='ocrx_word' id='word_1_85' title='bbox 642 1601 693 1684; x_wconf 90' lang='lat' dir='ltr'>ob</span> <span class='ocrx_word' id='word_1_86' title='bbox 726 1599 861 1686; x_wconf 89' lang='lat' dir='ltr'>oculus</span> <span class='ocrx_word' id='word_1_87' title='bbox 892 1601 1083 1686; x_wconf 88' lang='lat' dir='ltr'>hahentes</span> <span class='ocrx_word' id='word_1_88' title='bbox 1108 1631 1185 1714; x_wconf 81' lang='lat' dir='ltr'>per</span> <span class='ocrx_word' id='word_1_89' title='bbox 1213 1631 1329 1686; x_wconf 82' lang='lat' dir='ltr'>socru</span> <span class='ocrx_word' id='word_1_90' title='bbox 1361 1603 1530 1686; x_wconf 77' lang='lat' dir='ltr'>homiues</span> <span class='ocrx_word' id='word_1_91' title='bbox 1559 1601 1764 1684; x_wconf 75' lang='lat' dir='ltr'>immutari</span> <span class='ocrx_word' id='word_1_92' title='bbox 1783 1599 1858 1710; x_wconf 77' lang='lat' dir='ltr'>fus</span> <span class='ocrx_word' id='word_1_93' title='bbox 1889 1629 1974 1704; x_wconf 82' lang='lat' dir='ltr'>csse,</span> <span class='ocrx_word' id='word_1_94' title='bbox 2006 1629 2082 1684; x_wconf 74' lang='lat' dir='ltr'>riou</span> <span class='ocrx_word' id='word_1_95' title='bbox 2114 1607 2240 1684; x_wconf 78' lang='lat' dir='ltr'>uorem</span> <span class='ocrx_word' id='word_1_96' title='bbox 2264 1629 2382 1684; x_wconf 82' lang='lat' dir='ltr'>sucro</span> <span class='ocrx_word' id='word_1_97' title='bbox 2405 1627 2482 1710; x_wconf 81' lang='lat' dir='ltr'>per</span> 
     </span>
     <span class='ocr_line' id='line_1_10' title="bbox 510 1769 2482 1880; baseline -0.001 -26"><span class='ocrx_word' id='word_1_98' title='bbox 510 1773 689 1854; x_wconf 72' lang='lat' dir='ltr'>homiues.</span> <span class='ocrx_word' id='word_1_99' title='bbox 743 1769 797 1854; x_wconf 81' lang='lat' dir='ltr'>Et</span> <span class='ocrx_word' id='word_1_100' title='bbox 827 1773 860 1854; x_wconf 91' lang='lat' dir='ltr'>si</span> <span class='ocrx_word' id='word_1_101' title='bbox 881 1771 1081 1856; x_wconf 88' lang='lat' dir='ltr'>Ecclesiae</span> <span class='ocrx_word' id='word_1_102' title='bbox 1111 1773 1224 1856; x_wconf 87' lang='lat' dir='ltr'>navis</span> <span class='ocrx_word' id='word_1_103' title='bbox 1255 1771 1455 1856; x_wconf 86' lang='lat' dir='ltr'>fluctuans</span> <span class='ocrx_word' id='word_1_104' title='bbox 1485 1773 1528 1854; x_wconf 91' lang='lat' dir='ltr'>in</span> <span class='ocrx_word' id='word_1_105' title='bbox 1559 1771 1661 1854; x_wconf 89' lang='lat' dir='ltr'>mari</span> <span class='ocrx_word' id='word_1_106' title='bbox 1691 1769 1876 1853; x_wconf 86' lang='lat' dir='ltr'>frementi</span> <span class='ocrx_word' id='word_1_107' title='bbox 1906 1777 2086 1880; x_wconf 90' lang='lat' dir='ltr'>tempora</span> <span class='ocrx_word' id='word_1_108' title='bbox 2112 1771 2196 1880; x_wconf 87' lang='lat' dir='ltr'>jam</span> <span class='ocrx_word' id='word_1_109' title='bbox 2230 1769 2358 1854; x_wconf 88' lang='lat' dir='ltr'>ferrea</span> <span class='ocrx_word' id='word_1_110' title='bbox 2383 1769 2482 1854; x_wconf 85' lang='lat' dir='ltr'>vidit</span> 
     </span>
     <span class='ocr_line' id='line_1_11' title="bbox 510 1937 2484 2054; baseline 0 -32"><span class='ocrx_word' id='word_1_111' title='bbox 510 1941 672 2052; x_wconf 89' lang='lat' dir='ltr'>diesque</span> <span class='ocrx_word' id='word_1_112' title='bbox 710 1943 976 2054; x_wconf 87' lang='lat' dir='ltr'>tristissimos,</span> <span class='ocrx_word' id='word_1_113' title='bbox 1016 1941 1166 2028; x_wconf 81' lang='lat' dir='ltr'>Divino</span> <span class='ocrx_word' id='word_1_114' title='bbox 1197 1941 1347 2052; x_wconf 77' lang='lat' dir='ltr'>Spiritu</span> <span class='ocrx_word' id='word_1_115' title='bbox 1382 1941 1452 2022; x_wconf 93' lang='lat' dir='ltr'>ubi</span> <span class='ocrx_word' id='word_1_116' title='bbox 1490 1938 1577 2022; x_wconf 81' lang='lat' dir='ltr'>uult</span> <span class='ocrx_word' id='word_1_117' title='bbox 1611 1947 1650 2022; x_wconf 86' lang='lat' dir='ltr'>et</span> <span class='ocrx_word' id='word_1_118' title='bbox 1689 1939 1850 2050; x_wconf 91' lang='lat' dir='ltr'>quando</span> <span class='ocrx_word' id='word_1_119' title='bbox 1891 1937 1977 2022; x_wconf 83' lang='lat' dir='ltr'>vult</span> <span class='ocrx_word' id='word_1_120' title='bbox 2016 1941 2193 2050; x_wconf 89' lang='lat' dir='ltr'>spirante</span> <span class='ocrx_word' id='word_1_121' title='bbox 2225 1947 2313 2050; x_wconf 88' lang='lat' dir='ltr'>post</span> <span class='ocrx_word' id='word_1_122' title='bbox 2344 1939 2484 2022; x_wconf 90' lang='lat' dir='ltr'>nubila</span> 
     </span>
     <span class='ocr_line' id='line_1_12' title="bbox 509 2109 1974 2222; baseline -0.003 -28"><span class='ocrx_word' id='word_1_123' title='bbox 509 2113 645 2220; x_wconf 87' lang='lat' dir='ltr'>solem,</span> <span class='ocrx_word' id='word_1_124' title='bbox 677 2121 768 2222; x_wconf 91' lang='lat' dir='ltr'>post</span> <span class='ocrx_word' id='word_1_125' title='bbox 798 2111 982 2196; x_wconf 88' lang='lat' dir='ltr'>tenebras</span> <span class='ocrx_word' id='word_1_126' title='bbox 1013 2137 1164 2194; x_wconf 82' lang='lat' dir='ltr'>nouum</span> <span class='ocrx_word' id='word_1_127' title='bbox 1194 2109 1445 2220; x_wconf 87' lang='lat' dir='ltr'>splendorem</span> <span class='ocrx_word' id='word_1_128' title='bbox 1476 2137 1635 2192; x_wconf 93' lang='lat' dir='ltr'>rursum</span> <span class='ocrx_word' id='word_1_129' title='bbox 1659 2115 1872 2192; x_wconf 88' lang='lat' dir='ltr'>consecuta</span> <span class='ocrx_word' id='word_1_130' title='bbox 1904 2117 1974 2190; x_wconf 89' lang='lat' dir='ltr'>cst.</span> 
     </span>
    </p>
   </div>
   <div class='ocr_carea' id='block_1_3' title="bbox 662 2277 2483 2392">
    <p class='ocr_par' dir='ltr' id='par_1_3' title="bbox 662 2277 2483 2392">
     <span class='ocr_line' id='line_1_13' title="bbox 662 2277 2483 2392; baseline -0.003 -28"><span class='ocrx_word' id='word_1_131' title='bbox 662 2279 783 2366; x_wconf 90' lang='lat' dir='ltr'>Hunc</span> <span class='ocrx_word' id='word_1_132' title='bbox 812 2309 930 2392; x_wconf 91' lang='lat' dir='ltr'>porro</span> <span class='ocrx_word' id='word_1_133' title='bbox 958 2280 1147 2386; x_wconf 90' lang='lat' dir='ltr'>laborem,</span> <span class='ocrx_word' id='word_1_134' title='bbox 1179 2277 1230 2358; x_wconf 89' lang='lat' dir='ltr'>ad</span> <span class='ocrx_word' id='word_1_135' title='bbox 1254 2305 1374 2388; x_wconf 89' lang='lat' dir='ltr'>quem</span> <span class='ocrx_word' id='word_1_136' title='bbox 1395 2305 1478 2360; x_wconf 92' lang='lat' dir='ltr'>una</span> <span class='ocrx_word' id='word_1_137' title='bbox 1499 2307 1655 2362; x_wconf 90' lang='lat' dir='ltr'>mecum</span> <span class='ocrx_word' id='word_1_138' title='bbox 1678 2285 1764 2360; x_wconf 88' lang='lat' dir='ltr'>tum</span> <span class='ocrx_word' id='word_1_139' title='bbox 1790 2277 2016 2362; x_wconf 85' lang='lat' dir='ltr'>Tabulariis</span> <span class='ocrx_word' id='word_1_140' title='bbox 2041 2277 2139 2364; x_wconf 85' lang='lat' dir='ltr'>Tuis</span> <span class='ocrx_word' id='word_1_141' title='bbox 2163 2289 2202 2362; x_wconf 89' lang='lat' dir='ltr'>et</span> <span class='ocrx_word' id='word_1_142' title='bbox 2224 2277 2483 2386; x_wconf 81' lang='lat' dir='ltr'>Apostolicae</span> 
     </span>
    </p>
   </div>
   <div class='ocr_carea' id='block_1_4' title="bbox 507 2437 2482 2562">
    <p class='ocr_par' dir='ltr' id='par_1_4' title="bbox 507 2437 2482 2562">
     <span class='ocr_line' id='line_1_14' title="bbox 507 2437 2482 2562; baseline -0.002 -27"><span class='ocrx_word' id='word_1_143' title='bbox 507 2451 620 2536; x_wconf 81' lang='lat' dir='ltr'>Sedis</span> <span class='ocrx_word' id='word_1_144' title='bbox 652 2451 799 2534; x_wconf 91' lang='lat' dir='ltr'>addicti</span> <span class='ocrx_word' id='word_1_145' title='bbox 821 2459 908 2532; x_wconf 92' lang='lat' dir='ltr'>tum</span> <span class='ocrx_word' id='word_1_146' title='bbox 932 2451 1009 2562; x_wconf 87' lang='lat' dir='ltr'>alii,</span> <span class='ocrx_word' id='word_1_147' title='bbox 1042 2451 1111 2560; x_wconf 91' lang='lat' dir='ltr'>qui</span> <span class='ocrx_word' id='word_1_148' title='bbox 1142 2455 1285 2558; x_wconf 88' lang='lat' dir='ltr'>sponte</span> <span class='ocrx_word' id='word_1_149' title='bbox 1314 2475 1357 2532; x_wconf 92' lang='lat' dir='ltr'>se</span> <span class='ocrx_word' id='word_1_150' title='bbox 1385 2437 1670 2558; x_wconf 81' lang='lat' dir='ltr'>adjunxerunt,</span> <span class='ocrx_word' id='word_1_151' title='bbox 1702 2447 1905 2530; x_wconf 88' lang='lat' dir='ltr'>contulere</span> <span class='ocrx_word' id='word_1_152' title='bbox 1928 2475 2054 2558; x_wconf 90' lang='lat' dir='ltr'>opem,</span> <span class='ocrx_word' id='word_1_153' title='bbox 2087 2447 2391 2556; x_wconf 89' lang='lat' dir='ltr'>qualiscumque</span> <span class='ocrx_word' id='word_1_154' title='bbox 2414 2457 2482 2560; x_wconf 87' lang='lat' dir='ltr'>est,</span> 
     </span>
    </p>
   </div>
   <div class='ocr_carea' id='block_1_5' title="bbox 501 2615 2499 3576">
    <p class='ocr_par' dir='ltr' id='par_1_5' title="bbox 501 2615 2499 3576">
     <span class='ocr_line' id='line_1_15' title="bbox 513 2615 2484 2730; baseline 0.001 -30"><span class='ocrx_word' id='word_1_155' title='bbox 513 2619 621 2724; x_wconf 79' lang='lat' dir='ltr'>Tibi,</span> <span class='ocrx_word' id='word_1_156' title='bbox 663 2617 877 2700; x_wconf 77' lang='lat' dir='ltr'>beatissime</span> <span class='ocrx_word' id='word_1_157' title='bbox 906 2617 1049 2722; x_wconf 80' lang='lat' dir='ltr'>Potor,</span> <span class='ocrx_word' id='word_1_158' title='bbox 1079 2645 1236 2700; x_wconf 88' lang='lat' dir='ltr'>summo</span> <span class='ocrx_word' id='word_1_159' title='bbox 1268 2615 1429 2726; x_wconf 89' lang='lat' dir='ltr'>fautori,</span> <span class='ocrx_word' id='word_1_160' title='bbox 1460 2623 1648 2728; x_wconf 92' lang='lat' dir='ltr'>patron0,</span> <span class='ocrx_word' id='word_1_161' title='bbox 1688 2619 1835 2702; x_wconf 89' lang='lat' dir='ltr'>moturi</span> <span class='ocrx_word' id='word_1_162' title='bbox 1864 2617 2163 2702; x_wconf 90' lang='lat' dir='ltr'>inscribendum</span> <span class='ocrx_word' id='word_1_163' title='bbox 2202 2647 2366 2730; x_wconf 90' lang='lat' dir='ltr'>prorsus</span> <span class='ocrx_word' id='word_1_164' title='bbox 2399 2647 2484 2702; x_wconf 92' lang='lat' dir='ltr'>esse</span> 
     </span>
     <span class='ocr_line' id='line_1_16' title="bbox 504 2787 2483 2898; baseline 0.001 -28"><span class='ocrx_word' id='word_1_165' title='bbox 504 2789 770 2898; x_wconf 81' lang='lat' dir='ltr'>cognovimus</span> <span class='ocrx_word' id='word_1_166' title='bbox 799 2787 962 2898; x_wconf 78' lang='lat' dir='ltr'>Tidipuc</span> <span class='ocrx_word' id='word_1_167' title='bbox 992 2787 1077 2898; x_wconf 90' lang='lat' dir='ltr'>ejus</span> <span class='ocrx_word' id='word_1_168' title='bbox 1105 2787 1300 2898; x_wconf 88' lang='lat' dir='ltr'>primitias</span> <span class='ocrx_word' id='word_1_169' title='bbox 1332 2787 1553 2874; x_wconf 88' lang='lat' dir='ltr'>offerendas</span> <span class='ocrx_word' id='word_1_170' title='bbox 1584 2799 1698 2874; x_wconf 82' lang='lat' dir='ltr'>sexto</span> <span class='ocrx_word' id='word_1_171' title='bbox 1729 2791 2042 2874; x_wconf 87' lang='lat' dir='ltr'>incoronationis</span> <span class='ocrx_word' id='word_1_172' title='bbox 2072 2787 2182 2872; x_wconf 81' lang='lat' dir='ltr'>Tunc</span> <span class='ocrx_word' id='word_1_173' title='bbox 2208 2791 2483 2874; x_wconf 81' lang='lat' dir='ltr'>anniversario</span> 
     </span>
     <span class='ocr_line' id='line_1_17' title="bbox 503 2955 2485 3068; baseline 0.001 -30"><span class='ocrx_word' id='word_1_174' title='bbox 503 2957 578 3040; x_wconf 90' lang='lat' dir='ltr'>dic.</span> <span class='ocrx_word' id='word_1_175' title='bbox 636 2955 805 3040; x_wconf 87' lang='lat' dir='ltr'>Utinam</span> <span class='ocrx_word' id='word_1_176' title='bbox 843 2959 877 3040; x_wconf 88' lang='lat' dir='ltr'>is</span> <span class='ocrx_word' id='word_1_177' title='bbox 917 2985 999 3038; x_wconf 90' lang='lat' dir='ltr'>non</span> <span class='ocrx_word' id='word_1_178' title='bbox 1037 2955 1155 3066; x_wconf 90' lang='lat' dir='ltr'>plane</span> <span class='ocrx_word' id='word_1_179' title='bbox 1188 2955 1381 3066; x_wconf 90' lang='lat' dir='ltr'>indignus</span> <span class='ocrx_word' id='word_1_180' title='bbox 1421 2955 1635 3066; x_wconf 87' lang='lat' dir='ltr'>Majestate</span> <span class='ocrx_word' id='word_1_181' title='bbox 1676 2957 1765 3042; x_wconf 82' lang='lat' dir='ltr'>Tua</span> <span class='ocrx_word' id='word_1_182' title='bbox 1802 2955 2039 3068; x_wconf 80' lang='lat' dir='ltr'>Apostolica</span> <span class='ocrx_word' id='word_1_183' title='bbox 2076 2961 2307 3042; x_wconf 81' lang='lat' dir='ltr'>inveniatur</span> <span class='ocrx_word' id='word_1_184' title='bbox 2349 2967 2388 3042; x_wconf 87' lang='lat' dir='ltr'>et</span> <span class='ocrx_word' id='word_1_185' title='bbox 2430 2957 2485 3040; x_wconf 84' lang='lat' dir='ltr'>Tc</span> 
     </span>
     <span class='ocr_line' id='line_1_18' title="bbox 502 3123 2486 3238; baseline 0.002 -32"><span class='ocrx_word' id='word_1_186' title='bbox 502 3135 740 3236; x_wconf 84' lang='lat' dir='ltr'>protegente</span> <span class='ocrx_word' id='word_1_187' title='bbox 780 3153 826 3210; x_wconf 93' lang='lat' dir='ltr'>ac</span> <span class='ocrx_word' id='word_1_188' title='bbox 862 3125 1122 3210; x_wconf 89' lang='lat' dir='ltr'>benedicente</span> <span class='ocrx_word' id='word_1_189' title='bbox 1162 3125 1212 3208; x_wconf 91' lang='lat' dir='ltr'>ad</span> <span class='ocrx_word' id='word_1_190' title='bbox 1251 3125 1408 3210; x_wconf 85' lang='lat' dir='ltr'>felicem</span> <span class='ocrx_word' id='word_1_191' title='bbox 1445 3129 1599 3212; x_wconf 84' lang='lat' dir='ltr'>exitum</span> <span class='ocrx_word' id='word_1_192' title='bbox 1628 3125 1889 3238; x_wconf 74' lang='lat' dir='ltr'>perducatur!</span> <span class='ocrx_word' id='word_1_193' title='bbox 1949 3123 2149 3210; x_wconf 85' lang='lat' dir='ltr'>Fortunet</span> <span class='ocrx_word' id='word_1_194' title='bbox 2177 3127 2290 3210; x_wconf 83' lang='lat' dir='ltr'>Deus</span> <span class='ocrx_word' id='word_1_195' title='bbox 2318 3127 2486 3212; x_wconf 89' lang='lat' dir='ltr'>Pontifi-</span> 
     </span>
     <span class='ocr_line' id='line_1_19' title="bbox 502 3293 2485 3406; baseline -0.001 -28"><span class='ocrx_word' id='word_1_196' title='bbox 502 3303 636 3378; x_wconf 89' lang='lat' dir='ltr'>catum</span> <span class='ocrx_word' id='word_1_197' title='bbox 680 3293 820 3398; x_wconf 83' lang='lat' dir='ltr'>Tuum,</span> <span class='ocrx_word' id='word_1_198' title='bbox 852 3303 897 3378; x_wconf 90' lang='lat' dir='ltr'>ut</span> <span class='ocrx_word' id='word_1_199' title='bbox 927 3303 1080 3404; x_wconf 86' lang='lat' dir='ltr'>cuncta,</span> <span class='ocrx_word' id='word_1_200' title='bbox 1112 3323 1213 3404; x_wconf 88' lang='lat' dir='ltr'>quae</span> <span class='ocrx_word' id='word_1_201' title='bbox 1244 3295 1330 3378; x_wconf 82' lang='lat' dir='ltr'>Deo</span> <span class='ocrx_word' id='word_1_202' title='bbox 1361 3293 1521 3406; x_wconf 85' lang='lat' dir='ltr'>auspice</span> <span class='ocrx_word' id='word_1_203' title='bbox 1551 3297 1770 3404; x_wconf 80' lang='lat' dir='ltr'>suscepisti,</span> <span class='ocrx_word' id='word_1_204' title='bbox 1809 3323 1849 3378; x_wconf 86' lang='lat' dir='ltr'>co</span> <span class='ocrx_word' id='word_1_205' title='bbox 1880 3295 2099 3406; x_wconf 86' lang='lat' dir='ltr'>adjuvante</span> <span class='ocrx_word' id='word_1_206' title='bbox 2128 3295 2309 3406; x_wconf 90' lang='lat' dir='ltr'>perficias</span> <span class='ocrx_word' id='word_1_207' title='bbox 2340 3295 2392 3378; x_wconf 86' lang='lat' dir='ltr'>ad</span> <span class='ocrx_word' id='word_1_208' title='bbox 2423 3297 2485 3378; x_wconf 90' lang='lat' dir='ltr'>sui</span> 
     </span>
     <span class='ocr_line' id='line_1_20' title="bbox 501 3459 2499 3576; baseline 0.002 -34"><span class='ocrx_word' id='word_1_209' title='bbox 501 3463 676 3546; x_wconf 89' lang='lat' dir='ltr'>nominis</span> <span class='ocrx_word' id='word_1_210' title='bbox 713 3463 905 3572; x_wconf 86' lang='lat' dir='ltr'>gloriam,</span> <span class='ocrx_word' id='word_1_211' title='bbox 945 3463 994 3546; x_wconf 90' lang='lat' dir='ltr'>ad</span> <span class='ocrx_word' id='word_1_212' title='bbox 1035 3459 1073 3546; x_wconf 75' lang='lat' dir='ltr'>S.</span> <span class='ocrx_word' id='word_1_213' title='bbox 1100 3463 1304 3546; x_wconf 88' lang='lat' dir='ltr'>Ecclesiae</span> <span class='ocrx_word' id='word_1_214' title='bbox 1336 3463 1622 3548; x_wconf 82' lang='lat' dir='ltr'>exaltationem</span> <span class='ocrx_word' id='word_1_215' title='bbox 1663 3471 1702 3546; x_wconf 85' lang='lat' dir='ltr'>et</span> <span class='ocrx_word' id='word_1_216' title='bbox 1742 3463 1791 3546; x_wconf 87' lang='lat' dir='ltr'>ad</span> <span class='ocrx_word' id='word_1_217' title='bbox 1833 3465 2040 3548; x_wconf 85' lang='lat' dir='ltr'>christiani</span> <span class='ocrx_word' id='word_1_218' title='bbox 2080 3463 2218 3576; x_wconf 92' lang='lat' dir='ltr'>populi</span> <span class='ocrx_word' id='word_1_219' title='bbox 2251 3471 2499 3576; x_wconf 70' lang='lat' dir='ltr'>perpetuam¹</span> 
     </span>
    </p>
   </div>
   <div class='ocr_carea' id='block_1_6' title="bbox 500 3631 1290 3740">
    <p class='ocr_par' dir='ltr' id='par_1_6' title="bbox 500 3631 1290 3740">
     <span class='ocr_line' id='line_1_21' title="bbox 500 3631 1290 3740; baseline 0 -26"><span class='ocrx_word' id='word_1_220' title='bbox 500 3631 671 3714; x_wconf 88' lang='lat' dir='ltr'>salutem</span> <span class='ocrx_word' id='word_1_221' title='bbox 701 3633 1018 3740; x_wconf 89' lang='lat' dir='ltr'>continuumque</span> <span class='ocrx_word' id='word_1_222' title='bbox 1048 3633 1290 3740; x_wconf 78' lang='lat' dir='ltr'>profectum!</span> 
     </span>
    </p>
   </div>
   <div class='ocr_carea' id='block_1_7' title="bbox 0 0 2718 6726">
    <p class='ocr_par' dir='ltr' id='par_1_7' title="bbox 0 0 2718 6726">
     <span class='ocr_line' id='line_1_22' title="bbox 0 0 2718 6726; baseline 0 10"><span class='ocrx_word' id='word_1_223' title='bbox 0 0 2718 6726; x_wconf 95' lang='lat' dir='ltr'> </span> 
     </span>
    </p>
   </div>
  </div>
 </body>
</html>
