5442 6734
914 259 1050 334 ANNO
1079 255 1302 334 SECUNDO
1330 257 1492 332 MENSE
1520 255 1724 330 MARTIO.
1783 255 1892 330 1515.

837 501 950 582 1515.

445 643 471 700 9.
494 639 583 700 Mart.
659 639 774 696 Romae
839 639 969 720 (14470)
1000 643 1126 702 Execut.
1149 641 1284 716 deputat,
1307 641 1358 714 qui
1379 641 1551 700 Prioratum
1572 639 1599 700 8.
1621 641 1659 700 M.
1682 659 1775 718 prope
1797 637 2390 700 9191111999199191111199.(19919111.

446 717 517 784 (VII.
536 721 576 770 ld.
682 717 762 794 apud
898 721 969 780 Ord.
992 721 1179 780 Bernardino
1196 717 1349 778 Francisci
1372 721 1408 778 de
1422 719 1577 796 Arrupere
1598 721 1635 780 de
1648 719 1797 780 Faventia
1817 717 1964 780 monacho
1982 717 2052 774 Ord.
2068 715 2201 774 Camald.
2224 717 2390 776 conferant.

467 789 558 856 Mart.)
629 795 655 854 8.
671 795 805 854 Petrum.
899 800 1082 876 „Religionis
1102 795 1200 858 99199ιι
1224 795 1314 854 Aroh.
1338 797 1405 858 Lat.
1427 801 1497 856 torn.
1520 801 1555 854 35
1577 799 1596 858 1.
1620 801 1665 856 73.

456 909 492 918 -
532 909 570 918 -
698 905 735 914 -··
839 875 1113 954 (14471-14472)
1144 875 1305 934 Francisco
1328 875 1418 950 episc.
1435 875 1584 934 Tiburtin.
1605 895 1673 934 oum
1692 875 1763 952 jure
1777 895 1935 952 regressus
1955 875 2073 932 fructus
2089 871 2217 948 praefati
2231 871 2389 930 Prioratus

716 1009 717 1014 ,
896 961 1042 1016 reservat.
1076 957 1140 1032 ,Ad
1161 971 1320 1030 personam
1340 951 1442 1012 19919ιι
1466 953 1591 1012 Execut.
1615 955 1746 1030 deputat.
1780 951 1911 1028 „Hodiel
1934 955 1968 1014 L.
1991 971 2013 1012 c.
2036 951 2055 1010 f.
2078 951 2151 1026 aab
2174 969 2235 1026 seq.

699 1065 736 1074 -
839 1037 888 1112 (14
901 1034 1114 1107 473-14474)
1145 1035 1222 1110 Mag.
1238 1033 1363 1092 Carsiae
1387 1035 1422 1092 de
1437 1031 1545 1092 Lerma
1566 1033 1635 1090 cler.
1652 1031 1781 1108 Burgen.
1799 1035 1902 1106 dioec,
1926 1035 1977 1106 qui
1991 1029 2124 1090 brevium
2142 1033 2236 1104 apost.
2259 1029 2387 1104 scriptor

897 1113 1010 1186 existit,
1033 1113 1165 1172 officium
1186 1113 1407 1170 abbreviatoris
1427 1111 1470 1168 lit.
1487 1127 1533 1186 ap.
1556 1109 1591 1166 de
1606 1109 1701 1182 prima
1715 1111 1830 1170 visione
1849 1113 2053 1186 resignatione
2067 1107 2221 1166 Francisoi
2237 1107 2389 1166 Thomasii

896 1209 960 1250 vac.
989 1191 1135 1250 concedit.
1168 1191 1203 1250 C.
1223 1191 1260 1248 D.
1284 1195 1314 1248 et
1334 1189 1368 1248 E.
1401 1186 1553 1248 Cardinali
1580 1185 1779 1246 Vicecancell.
1810 1191 2017 1248 executionem
2047 1185 2215 1246 committit.
2255 1183 2385 1260 ,Hodie“

895 1269 929 1328 L.
953 1289 976 1328 c.
998 1269 1018 1328 1.
1040 1271 1106 1330 225.

837 1347 967 1422 (14475)
998 1349 1125 1408 Exeout.
1149 1347 1289 1422 deputet,
1319 1347 1372 1424 qui
1394 1343 1525 1404 Jobanni
1547 1343 1584 1402 de
1603 1341 1756 1418 Noworoy
1784 1345 1855 1402 cler.
1877 1345 1989 1404 Meteu.
2017 1345 2111 1404 dioec.
2138 1363 2202 1420 par.
2230 1343 2387 1404 ecclesiam

896 1427 933 1484 de
953 1427 1091 1486 Mervilla
1118 1425 1217 1484 diotae
1244 1425 1335 1484 dioec.
1365 1425 1450 1486 obitu
1478 1423 1596 1482 Claudii
1616 1423 1737 1480 Messon
1763 1441 1828 1482 vac.
1859 1425 2025 1482 conferant.
2058 1423 2223 1498 „Nobilitas
2249 1419 2386 1500 generis“

896 1505 989 1564 Aroh.
1010 1505 1077 1564 Lat.
1099 1509 1169 1564 tom.
1192 1505 1226 1560 51
1248 1505 1269 1564 f.
1291 1507 1397 1578 acab.

839 1581 970 1656 (14476)
1001 1583 1127 1642 Execut.
1159 1583 1299 1658 deputat,
1332 1583 1384 1658 qui
1413 1579 1545 1640 Johanni
1576 1579 1716 1638 Andreae
1744 1579 1780 1636 de
1802 1577 1917 1638 Colatio
1948 1581 2180 1656 permutationis
2211 1599 2303 1638 causa
2323 1599 2387 1656 par.

896 1663 1054 1720 ecclesiam
1085 1661 1112 1720 8.
1143 1661 1285 1718 Germani
1316 1661 1352 1718 de
1382 1661 1410 1720 8.
1439 1659 1589 1716 Germano
1619 1658 1787 1716 Vercellen.
1819 1657 1912 1716 dioec.
1943 1659 2109 1734 resignanti
2137 1677 2200 1734 par.
2231 1659 2387 1716 ecclesiam

899 1739 927 1798 8.
949 1739 1073 1798 Eusebii
1095 1739 1131 1796 de
1153 1737 1290 1796 Vianano
1313 1737 1410 1812 ejusd.
1433 1737 1525 1794 dioec.
1548 1737 1611 1794 ead.
1634 1737 1671 1794 de
1692 1754 1783 1794 eausa
1804 1737 1840 1794 ab
1862 1735 1996 1794 Antonio
2017 1737 2125 1794 Donna
2147 1737 2298 1794 dimissam
2321 1755 2388 1794 con-

896 1819 1005 1890 ferant,
1028 1817 1052 1874 si
1073 1823 1269 1890 patronorum
1292 1835 1432 1876 assensus
1453 1815 1584 1872 accedat.
1617 1815 1828 1890 ,Apostolioae
1850 1811 1950 1872 Sedis“
1975 1815 2008 1872 L.
2031 1833 2055 1872 c.
2076 1813 2181 1872 1911.

839 1897 1033 1974 (14477-14
1044 1893 1112 1968 478)
1143 1895 1273 1968 Ceorgio
1289 1893 1470 1954 Chauveron
1490 1893 1602 1952 rectori
1622 1911 1686 1970 par.
1708 1894 1779 1952 eccl.
1795 1893 1823 1952 8.
1838 1893 1992 1950 Michaelis
2008 1891 2045 1950 de
2058 1889 2208 1950 Villebrin
2222 1893 2387 1952 Bituricen.

898 1973 992 2034 dioec.
1014 1973 1203 2032 commendat
1217 1973 1390 2030 Prioratum
1412 1971 1460 2030 88.
1477 1971 1614 2030 Cervasii
1629 1977 1659 2030 et
1673 1971 1805 2030 Protasii
1827 1971 1863 2028 de
1878 1971 2022 2028 Ronnelle
2039 1969 2124 2028 Clun.
2139 1969 2211 2028 Ord.
2227 1969 2388 2030 Carnoten.

898 2051 991 2108 dioec.
1016 2071 1033 2108 a
1052 2051 1194 2112 Prioratu
1217 2051 1243 2112 S.
1265 2051 1389 2110 Martini
1411 2051 1446 2110 de
1469 2049 1587 2126 Campis
1607 2049 1753 2110 Parisien.
1776 2049 1847 2108 dicti
1864 2049 1935 2108 Ord.
1957 2049 2184 2126 dependentem.
2222 2049 2389 2124 „Nobilitas

896 2127 1032 2204 generis“
1056 2129 1182 2190 Execut.
1206 2131 1342 2206 deputat.
1376 2125 1508 2206 „Hodie“
1530 2129 1710 2188 1419191191.
1733 2133 1805 2188 tom.
1827 2131 1862 2186 39
1884 2129 1904 2184 f.
1928 2129 1985 2202 2,b
2007 2145 2089 2202 seqq.

839 2207 890 2282 (14
900 2209 1034 2266 crea-14
1046 2205 1115 2280 480)
1145 2209 1287 2268 Μ9199119
1308 2205 1442 2276 Quantin
1463 2211 1575 2266 1991911
1595 2227 1658 2284 par.
1681 2207 1753 2266 eccl.
1775 2207 1812 2264 de
1832 2207 1973 2282 Menessp
1992 2205 2137 2264 Parisien.
2161 2205 2254 2264 dioec.
2277 2205 2388 2262 dictam

897 2285 969 2422 eqpl.
991 2287 1194 2390 reasiguatione
1208 2287 1365 2346 Laurentii
1388 2289 1427 2346 du
1442 2285 1521 2344 Eont
1534 2305 1598 2346 vac.
1614 2285 1740 2344 confert.
1773 2285 1881 2360 ,Vitae
1901 2305 1938 2344 ac
1951 2279 2085 2342 morum“
2108 2283 2235 2342 Execut.
2252 2283 2388 2358 deputat.

899 2365 1014 2438 „odie
1053 2365 1088 2422 L.
1110 2385 1134 2424 c.
1155 2365 1175 2424 1.
1199 2366 1357 2424 18199.

839 2441 967 2516 (14481)
999 2443 1058 2500 Pro
1079 2449 1167 2518 parte
1189 2385 1576 2518 1911119111199191911199.
1598 2441 1626 2502 8.
1648 2441 1818 2514 891911999,
1842 2443 1893 2520 qui
1914 2441 2128 2500 monasterium
2151 2439 2388 2500 8811199111119

896 2521 1199 2580 Ι191991919Ο.8.Β.
1214 2523 1360 2582 Μ911999.
1376 2523 1515 2580 11199919
1530 2523 1734 2580 commendam
1749 2523 1875 2594 obtinet,
1890 2525 1921 2580 et
1937 2519 2184 2596 Congregationis
2200 2517 2388 2576 8Β9199111

897 2599 1007 2658 1191199
1029 2599 1102 2658 Cist.
1117 2600 1188 2658 Ord.
1209 2603 1357 2676 approbat
1379 2599 1607 2672 ordinationem,
1629 2603 1718 2674 pacta
1739 2603 1769 2658 91
1790 2601 1923 2674 capitula
1944 2601 2023 2658 circa
2039 2599 2150 2654 dictum
2171 2597 2388 2654 monasterium

896 2677 987 2752 facta,
1009 2677 1053 2734 ita
1073 2681 1107 2734 ut
1126 2677 1282 2752 praefatus
1297 2679 1454 2736 iohannes
1468 2677 1598 2752 archiep.
1620 2677 1717 2752 ipsum
1732 2677 1950 2736 monasterium
1971 2695 2006 2734 ac
2020 2673 2100 2733 illius
2114 2675 2273 2732 ecclesiam
2288 2675 2387 2732 dictae

897 2753 1132 2832 Congregationi
1155 2755 1320 2828 (reservato
1343 2755 1401 2814 sibi
1422 2757 1451 2814 91
1472 2755 1685 2814 monasterium
1707 2775 1734 2830 p.
1755 2761 1776 2814 t.
1799 2755 1947 2814 obtinenti
1967 2753 2079 2830 palatio
2102 2753 2282 2812 residentiae
2296 2751 2387 2810 Prae-

897 2832 1042 2904 latorum)
1080 2835 1226 2892 concedat
1262 2839 1291 2892 91
1322 2837 1423 2892 991199
1459 2833 1663 2904 possessiones
1692 2853 1746 2908 pro
1776 2851 1881 2892 mensa
1917 2829 2111 2890 conventuali
2138 2831 2213 2888 inibi
2243 2831 2388 2906 erigenda

897 2911 1032 2984 assignet
1053 2915 1109 2970 eto.
1139 2911 1176 2968 A.
1198 2913 1231 2968 E.
1252 2911 1287 2970 R.
1307 2911 1347 2968 M.
1381 2909 1580 2984 „Cathedram
1600 2907 1949 2968 91111991191199199199“
1973 2911 2006 2968 L.
2030 2907 2145 2966 11281.
2167 2911 2232 2966 272.

841 2991 889 3066 (14
900 2985 968 3060 482)
989 2987 1146 3046 Η91191119.
1161 2987 1329 3048 Concilium
1338 2987 1479 3048 Lateran.
1496 3007 1515 3046 9
1531 2987 1682 3046 19119ΡΡ.
1694 2987 1734 3044 ΙΙ.
1745 2987 1888 3044 indictum
1910 2991 1940 3046 et
1955 3005 2009 3062 per
2026 2987 2159 3044 Leonem
2168 2985 2226 3044 ΡΡ.
2237 2985 2276 3044 X.
2294 2985 2388 3044 conti·
2431 3035 2435 3050 ,

898 3069 1025 3124 999199
1043 3067 1155 3140 ,99119
1169 3067 1324 3144 proposuit
1337 3068 1374 3125 ad
1387 3067 1520 3126 ordinem
1531 3069 1561 3124 et
1571 3065 1821 3124 instaurationem
1831 3065 2012 3124 christianae
2027 3063 2180 3138 religionis
2195 3063 2387 3140 pertinentia,

897 3163 975 3222 quae
995 3149 1049 3204 aut
1069 3145 1152 3220 lapsa
1172 3147 1294 3204 fuerant
1315 3149 1368 3204 aut
1385 3145 1449 3222 jam
1471 3143 1708 3218 collabebantur,
1727 3145 1759 3202 in
1780 3143 1886 3202 melius
1907 3143 2117 3218 reformanda3
2146 3141 2205 3200 duo
2226 3141 2307 3202 inter
2328 3141 2388 3200 alia

899 3223 1058 3282 tractanda
1087 3229 1116 3282 et
1138 3225 1310 3300 peragenda
1337 3223 1485 3298 suscepit:
1513 3241 1605 3280 999111
1628 3225 1682 3296 991,
1711 3219 1769 3294 (91)
1790 3227 1889 3280 191191
1911 3221 2090 3294 schismatis,
2118 3219 2169 3296 qui
2191 3239 2229 3278 ex
2249 3219 2388 3296 partibus

899 3303 1014 3360 Calliae
1037 3305 1141 3360 contra
1155 3301 1224 3360 fidei
1244 3303 1394 3360 unitatem
1415 3299 1534 3360 91811.
1556 3301 1590 3358 E.
1612 3301 1824 3360 auctoritatem
1841 3301 2008 3358 intentatus
2022 3299 2132 3372 fuerat,
2153 3297 2387 3374 infringeretur3

898 3381 1037 3454 alterum,
1058 3381 1093 3438 ut
1112 3381 1298 3454 pragmatica
1319 3381 1434 3452 abusio,
1457 3395 1534 3454 quae
1555 3379 1586 3434 in
1607 3379 1710 3436 eadem
1724 3379 1848 3436 natione
1862 3379 2011 3454 gallicana
2031 3380 2077 3434 tot
2096 3375 2159 3452 jam
2181 3377 2267 3432 annis
2282 3377 2388 3450 viguit,

898 3461 1053 3532 tamquam
1073 3457 1143 3516 huic
1163 3457 1192 3516 8.
1214 3457 1282 3516 89111
1302 3457 1359 3534 Ap.
1383 3461 1413 3516 91
1433 3473 1547 3514 summo
1569 3455 1746 3514 universalis
1767 3457 1922 3514 Ecclesiae
1943 3453 2079 3514 Pontifici
2102 3453 2274 3512 adversaria
2295 3459 2388 3528 atque

897 3537 1009 3594 1919919
1031 3537 1230 3610 abrogaretur
1250 3531 1403 3610 penitus“.
1444 3533 1577 3600 Quorum
1599 3533 1737 3608 primum,
1768 3535 1847 3608 quod
1869 3533 1938 3592 fidei
1958 3535 2037 3590 cath.
2059 3531 2297 3590 incolumitatem
2320 3549 2388 3590 con-

898 3615 1003 3688 cernit,
1025 3631 1134 3688 magna
1155 3633 1192 3670 ex
1213 3617 1299 3688 parte
1321 3613 1473 3672 sublatum
1496 3615 1558 3684 est;
1589 3615 1706 3686 ,tamen
1736 3615 1770 3670 ut
1791 3611 1938 3670 radicitus
1961 3611 2121 3684 exstirpari
2148 3613 2258 3686 possit,
2288 3609 2385 3668 visum

898 3691 1028 3750 Nostrae
1049 3693 1079 3748 et
1100 3693 1193 3766 ipsius
1209 3689 1335 3748 Concilii
1349 3691 1585 3762 circumspectae
1606 3689 1749 3762 gravitati
1772 3693 1819 3748 est
1832 3689 1961 3764 ipsimet,
1986 3687 2037 3762 qui
2051 3689 2278 3762 aberraverunt,
2300 3705 2387 3762 prae-

898 3771 1034 3828 sentibus
1055 3771 1086 3826 et
1112 3771 1272 3844 pristinum
1294 3785 1428 3826 errorem
1457 3783 1523 3822 cum
1544 3767 1649 3824 humili
1670 3767 1816 3838 petitione
1837 3767 1943 3824 veniae
1970 3767 2196 3840 abjurantibus,
2228 3767 2385 3826 99119999

897 3847 1093 3906 sacramentis
1114 3847 1142 3906 8.
1163 3845 1197 3906 R.
1218 3845 1372 3904 Ecclesiae
1396 3849 1425 3904 et
1439 3843 1551 3902 Christi
1570 3843 1682 3902 vicario
1702 3845 1737 3902 B.
1752 3845 1836 3902 Petri
1857 3845 2024 3902 successori
2039 3843 2181 3918 obligari3
2201 3845 2232 3902 iu
2254 3845 2385 3902 secundo

897 3943 986 4000 vere,
1015 3925 1095 4000 quod
1116 3925 1155 3984 ad
1175 3925 1392 4000 pragmaticam
1413 3923 1535 3996 attinet,
1568 3939 1750 3998 quamquam
1776 3923 1859 3980 illam
1887 3927 1923 3980 ut
1942 3923 2061 3982 notorie
2087 3921 2200 3978 nullam
2229 3927 2259 3980 et
2286 3941 2386 3980 anon

896 4005 1078 4062 habentibus
1094 4005 1304 4062 auctoritatem
1326 4003 1438 4062 editam
1457 4019 1491 4058 ao
1505 3999 1653 4060 libertatis
1666 3999 1821 4060 Ecclesiae
1836 4003 2016 4060 contrariam
2031 4001 2121 4058 liceat
2134 3999 2230 4058 Nobis
2245 4005 2276 4058 et
2291 4001 2385 4058 eidem

899 4081 927 4140 8.
949 4081 1083 4142 Concilio
1102 4081 1171 4158 jure
1193 4081 1304 4158 optimo
1325 4099 1387 4138 non
1409 4083 1568 4154 expectata
1589 4077 1647 4136 alia
1668 4079 1812 4138 citatione
1833 4081 1981 4152 abrogare
2002 4083 2031 4138 et
2054 4095 2208 4152 amovere,
2230 4083 2331 4136 tamen
2352 4083 2387 4138 ut

896 4161 1058 4218 humanius
1080 4179 1146 4218 curn
1168 4160 1226 4218 illis
1248 4161 1401 4234 ageretur,
1432 4161 1462 4216 et
1482 4159 1521 4216 ad
1541 4157 1793 4216 abundantiorem
1823 4157 1972 4216 cautelam
1999 4155 2097 4216 visum
2122 4155 2196 4228 fuit,
2229 4157 2321 4214 citata
2348 4157 2386 4214 ad

898 4239 1173 4312 contradicendum,
1190 4237 1297 4314 siquid
1313 4235 1554 4312 allegarerellet,
1568 4239 1654 4310 parte
1669 4237 1842 4310 procedere,
1858 4241 1893 4294 ut
1904 4235 1961 4312 ipsi
1976 4251 2096 4310 quoque
2111 4233 2239 4292 convicti
2255 4251 2385 4292 errorem

899 4335 987 4374 snum
1008 4315 1179 4374 faterentur
1281 4313 1356 4374 Cum
1378 4333 1449 4374 vero
1472 4313 1676 4390 superioribus
1696 4315 1865 4388 mensibus,
1896 4311 2148 4390 quemadmodum
2169 4311 2264 4370 Nobis
2290 4311 2386 4370 literis

900 4399 930 4452 et
950 4395 1065 4452 nuntiis
1086 4413 1120 4452 ac
1141 4395 1231 4452 etiam
1252 4395 1460 4452 instrumentis
1481 4393 1662 4452 authenticis
1683 4393 1740 4450 1911
1761 4393 1950 4468 191199199,
1971 4391 2103 4450 Praelati
2125 4391 2227 4466 gallici
2244 4389 2307 4466 jam
2328 4391 2386 4450 iter

898 4473 1098 4548 arripuissent
1119 4491 1244 4548 seseque
1265 4473 1302 4530 ad
1324 4473 1388 4530 Nos
1411 4471 1497 4530 etad
1520 4469 1686 4530 Concilium
1712 4471 1812 4546 ipsum
1834 4471 1971 4530 99919119
1992 4469 2198 4542 intenderent,
2228 4469 2386 4544 quominus

899 4551 930 4608 id
950 4551 1050 4608 tacere
1064 4553 1233 4626 pergerent,
1252 4551 1346 4624 justo,
1367 4553 1404 4608 ut
1422 4549 1479 4622 ipsi
1499 4549 1635 4608 attestati
1649 4553 1727 4620 sunt,
1748 4553 1830 4608 metu
1845 4553 1968 4624 propter
1983 4551 2124 4622 negatum
2144 4547 2203 4604 illis
2226 4547 2261 4604 de
2276 4551 2387 4620 vestro,

897 4633 933 4686 91
955 4629 1131 4702 audirimus,
1161 4629 1284 4686 consilio
1307 4627 1607 4686 salvumconductum
1629 4629 1700 4684 sunt
1720 4627 1878 4686 retardati.
1920 4627 2007 4696 Quod
2029 4625 2148 4700 quidem
2175 4621 2235 4682 illis
2255 4625 2386 4682 19119999

897 4709 1018 4780 gratum
1046 4709 1076 4764 et
1098 4709 1233 4782 optatum
1260 4709 1366 4780 utpote
1394 4705 1495 4764 invitis
1523 4705 1728 4778 venientibus,
1756 4705 1851 4764 Nobis
1879 4723 1950 4762 vero
1979 4701 2213 4764 9180999119
2241 4719 2385 4776 perquam

898 4783 1118 4842 incommodum
1140 4785 1257 4844 accidit.
1292 4783 1401 4842 89999
1423 4785 1628 4858 9919999111,
1650 4783 1731 4858 quod
1751 4801 1814 4856 199,
1836 4783 1887 4860 qui
1907 4785 1953 4842 his
1974 4785 2037 4840 tarn
2057 4779 2221 4856 praeclaris
2243 4779 2385 4856 operibus
2477 4825 2479 4830 ,

899 4863 1060 4938 perniciosi
1081 4861 1249 4920 schismatis
1271 4859 1469 4936 extinguendi
1490 4863 1520 4918 91
1535 4861 1755 4920 99919919911999
1778 4861 1933 4938 dignitatis
1953 4859 2129 4920 retinendae
2151 4857 2247 4916 eidem
2262 4859 2386 4936 praede-

899 4941 1012 4998 cessori
1032 4939 1143 4998 Nostro
1166 4937 1259 5010 (Julio
1274 4937 1328 5012 11.)
1349 4957 1410 4998 999
1433 4939 1527 4998 99199
1542 4937 1599 4996 tide
1621 4943 1650 4998 et
1671 4941 1863 4998 observantia
1883 4937 1977 5012 filiali,
1999 4939 2051 4998 sed
2066 4941 2095 4996 et
2116 4937 2206 4994 armis
2222 4941 2252 4994 et
2273 4939 2385 4994 virtute

899 5019 1053 5090 astitistis,
1076 5019 1100 5076 si
1121 5017 1322 5076 credidissetis
1341 5019 1374 5076 iu
1394 5017 1566 5094 hujusmodi
1586 5017 1794 5076 Praelatorum
1815 5019 2002 5092 profectione
2021 5015 2226 5092 impedienda,
2255 5015 2385 5088 illorum,

900 5115 975 5168 quos
997 5113 1056 5154 non
1079 5097 1196 5170 amatis,
1228 5097 1391 5154 commodis
1413 5101 1443 5154 et
1462 5095 1611 5154 voluntati
1632 5097 1804 5168 consulere,
1833 5095 1860 5154 8.
1883 5099 1983 5154 99199
2003 5095 2143 5152 11919199.
2166 5091 2307 5166 Consilii,
2339 5093 2388 5152 cui

899 5175 1017 5250 favetis,
1046 5175 1258 5232 auctoritatem
1278 5175 1416 5250 laedere,
1445 5191 1598 5250 nunquam
1626 5177 1758 5232 vestram
1785 5175 1846 5232 vim
1874 5173 1995 5232 illorum
2024 5171 2385 5248 adventuiopposituros

899 5253 1009 5326 fuisse,
1041 5253 1093 5310 sed
1114 5253 1238 5310 daturos
1259 5253 1360 5328 potius
1381 5271 1518 5328 operam,
1546 5255 1580 5310 ut
1598 5253 1644 5310 illi
1669 5251 1858 5332 inviolatict
1887 5253 1946 5310 tuti
1966 5251 2004 5310 ad
2024 5249 2087 5308 Nos
2108 5251 2299 5328 pervenirent
2321 5295 2327 5308 .
2350 5295 2355 5308 .
2379 5293 2385 5306 .

899 5331 1098 5388 Devotionem
1111 5333 1242 5388 vestram
1262 5349 1316 5406 pro
1331 5331 1446 5390 Nostra
1460 5347 1532 5404 erga
1543 5349 1597 5388 vos
1610 5333 1738 5406 paterna
1759 5329 1905 5388 charitate
1919 5331 2048 5404 primurn
2063 5327 2385 5388 commonefaciendam

899 5427 1013 5484 vosque
1034 5409 1230 5484 requirendos
1244 5409 1394 5484 duximus,
1416 5415 1451 5468 ut
1465 5409 1702 5466 animadvertere
1724 5407 1883 5482 diligenter
1897 5409 2006 5482 velitis,
2027 5409 2124 5480 neiis,
2146 5407 2256 5482 quibus
2276 5423 2386 5464 nocere

898 5487 1063 5560 intenditis,
1083 5505 1146 5544 rem
1166 5489 1284 5562 gratam
1305 5487 1364 5546 illis
1386 5505 1507 5546 oausam
1535 5505 1637 5544 morae
1659 5485 1845 5560 objiciendo,
1876 5487 1969 5546 Nobis
1991 5505 2062 5544 vero
2084 5485 2163 5544 918.
2185 5483 2319 5544 Concilio
2341 5487 2385 5544 in·

899 5565 1083 5622 commodam
1097 5565 1225 5640 faciatis,
1247 5583 1415 5642 cavereque
1430 5565 1585 5640 studeatis,
1599 5565 1763 5624 991911199
1778 5581 1974 5624 censurarum
1988 5565 2232 5640 gravissimarum
2247 5565 2385 5642 laqueos,
