5426 6726
911 363 1050 438 ANNO
1078 363 1305 436 SECUNDO
1331 361 1495 434 MENSE
1524 361 1666 434 Mauo.
1727 363 1835 434 1514.

2132 521 2359 530 ...ᾳ-..ι--ῌ

795 605 910 690 1514.

851 745 908 822 1661
932 745 1152 804 Sardfactam
1180 745 1219 804 ad
1247 747 1282 806 15
1304 767 1398 808 annos
1423 747 1569 808 extendit.
1613 747 1806 824 ,Exposuisti
1827 745 1941 808 Nobis“
1973 746 2098 822 (86661.)
2131 747 2220 808 Β666.
2243 749 2355 806 66162

853 825 975 882 ntra
998 825 1218 884 66668612
1261 827 1355 886 .85.

408 905 540 964 11611161.
616 903 729 962 Romae
794 899 894 974 (8644)
915 867 1027 978 Regem
1049 831 1478 980 8666611666Ρ66169666666,
1507 909 1541 964 ut
1570 905 1604 962 B.
1626 903 1718 979 episc.
1741 903 1881 962 Sabinen.
1904 903 1994 962 Oard.
2024 903 2052 962 S.
2074 901 2181 962 (166616
2208 903 2239 960 16
2267 901 2353 962 Hier.

400 983 543 1048 (6116166
636 981 715 1056 apud
851 981 921 1038 olim
943 981 1074 1054 divitem,
1095 999 1176 1040 nune
1197 999 1306 1058 magna
1325 983 1494 1060 indigentia
1513 981 1712 1052 laborantem,
1735 983 1772 1042 66
1792 981 1932 1040 Ecclesia
1952 981 2009 1040 Dei
2030 985 2061 1040 et
2077 981 2170 1056 Regis
2192 981 2354 1056 majestate

434 1053 510 1120 brai.)
585 1059 614 1120 S.
628 1059 762 1120 Petrum.
851 1059 1078 1134 benemeritam,
1097 1059 1167 1134 jure
1188 1061 1379 1136 regrediendi
1400 1061 1438 1120 ad
1460 1059 1532 1120 eccl.
1552 1059 1704 1118 Rosanen.
1727 1065 1756 1118 et
1775 1065 1903 1120 monast.
1927 1061 1956 1122 S.
1970 1059 2046 1118 Zoili
2067 1059 2274 1136 nonnullaque
2295 1059 2355 1118 alia

850 1137 1011 1210 beneficia,
1039 1155 1117 1212 quac
1143 1157 1197 1214 pro
1226 1139 1295 1198 Joh.
1322 1141 1411 1216 episc.
1432 1137 1581 1198 Palantia.
1610 1139 1648 1196 ad
1674 1137 1746 1198 eccl.
1768 1139 1899 1212 Burgen.
1924 1139 2138 1198 transferendo
2159 1141 2351 1212 petebantur,

849 1215 895 1272 nti
916 1233 950 1272 ac
970 1215 1032 1272 frui
1046 1217 1218 1290 permittat3
1241 1215 1319 1292 qnod
1342 1217 1367 1274 61
1381 1217 1409 1274 61
1428 1221 1550 1290 gratum
1570 1233 1632 1272 non
1652 1215 1755 1290 fuerit,
1777 1217 1814 1274 de
1835 1217 1942 1274 iisdem
1957 1215 2109 1278 beneficiis
2130 1217 2196 1274 aliis
2213 1215 2352 1292 personis

850 1297 1060 1368 praeterquam
1091 1295 1170 1354 dicto
1199 1295 1338 1370 episeopo
1364 1293 1402 1350 ad
1430 1293 1525 1368 ipsius
1545 1293 1637 1368 Regis
1664 1293 1889 1368 beneplacitum
1917 1313 1950 1354 66
1977 1295 2171 1370 provisurum
2192 1293 2351 1368 signifieat,

851 1389 918 1430 oum
946 1371 1071 1430 ecelesia
1092 1373 1224 1448 Burgen.
1244 1377 1306 1430 tam
1326 1371 1455 1446 pulchra
1476 1377 1506 1430 et
1526 1377 1588 1430 tam
1610 1369 1692 1428 61666
1715 1389 1825 1446 666666
1847 1373 1900 1446 616,
1929 1377 1965 1432 66
1985 1371 2096 1430 nedum
2125 1373 2178 1430 uni
2197 1371 2352 1446 Praelata,

851 1449 905 1506 sed
925 1449 1105 1528 cuicumque
1126 1467 1252 1524 magnae
1274 1449 1464 1508 auctoritatis
1484 1448 1639 1510 Sardinali
1660 1449 1798 1508 sufficere
1819 1451 1927 1510 merito
1949 1451 2040 1510 unica
2060 1449 2166 1528 possit.
2208 1449 2352 1526 ,8666166

851 1523 1140 1588 commendavimus“
1165 1525 1289 1602 (Sadol.)
1310 1529 1398 1588 Brev.
1418 1531 1491 1588 tom.
1513 1531 1580 1590 211.
1602 1527 1668 1588 575.

671 1637 690 1644 -
793 1605 1046 1680 (8646)Η666166
1072 1607 1200 1680 Angliae
1228 1605 1305 1680 Regi
1331 1607 1450 1682 scribit,
1480 1625 1511 1666 se
1539 1607 1708 1682 accepisse,
1739 1605 1905 1680 Georgium
1933 1605 2118 1666 Ardisonum
2151 1611 2351 1666 mercatorem

851 1687 979 1744 Januen.
1007 1683 1165 1742 officialem
1193 1683 1333 1758 exigendi
1360 1685 1450 1744 unius
1473 1683 1587 1746 denarii
1609 1703 1647 1744 ex
1670 1683 1805 1758 quolibet
1828 1685 1938 1744 ducato
1960 1683 2094 1758 abillis,
2124 1685 2177 1760 qni
2197 1701 2250 1760 per
2271 1705 2352 1744 oam-

851 1763 932 1824 bium
961 1767 1049 1822 extra
1074 1779 1200 1836 regnum
1222 1761 1351 1836 Angliae
1370 1763 1515 1838 pecunias
1537 1763 1764 1836 transmittunt,
1784 1761 1899 1820 instare
1921 1769 1952 1822 et
1973 1779 2099 1836 urgere,
2121 1767 2156 1820 ut
2176 1761 2351 1838 hujusmodi

851 1841 979 1918 vectigal
1007 1839 1143 1898 solvatur
1170 1839 1260 1898 etiam
1289 1859 1326 1898 ex
1350 1841 1479 1914 pecunia
1500 1839 1701 1900 Solleotoriae
1730 1845 1843 1916 apost,
1873 1859 1951 1916 quae
1978 1839 2107 1916 pecunia
2129 1841 2292 1918 quotannis
2313 1843 2351 1902 ad

851 1917 1051 1994 1166666666.
1079 1937 1132 1996 per
1157 1917 1306 1980 cambium
1332 1917 1480 1994 mittitur,
1506 1921 1588 1994 quod
1608 1917 1738 1992 vectigal
1764 1935 1921 1992 nunquam
1950 1937 1988 1978 ex
2010 1917 2091 1976 dieta
2111 1917 2241 1994 pecunia
2271 1919 2351 1996 exigi

852 1997 1017 2058 consuevit.
1057 1995 1170 2072 Regem
1191 2001 1295 2072 rogat,
1322 1997 1494 2058 66616666
1517 1997 1681 2072 Georgium
1708 2013 1821 2056 novum
1841 1997 1971 2072 vectigal
1998 1995 2174 2070 hujusmodi
2194 1997 2350 2070 imponere

851 2077 993 2152 patiatur.
1037 2075 1239 2152 „Significavit
1265 2075 1360 2136 Nobis
1387 2095 1485 2154 nuper
1513 2075 1563 2136 dil.
1590 2075 1669 2136 filius
1697 2079 1800 2136 noster
1827 2073 2003 2134 Hadrianus
2030 2077 2077 2136 tit.
2108 2073 2137 2134 S.
2162 2075 2351 2152 Chrysogoni

852 2155 881 2214 S.
901 2157 936 2214 R.
957 2155 991 2212 u.
1012 2155 1111 2228 presb.
1133 2153 1428 2228 8666Β666ο6166,
1450 2155 1503 2232 qui
1522 2155 1626 2214 161666
1647 2153 1759 2228 inclyto
1781 2171 1875 2226 regno
1898 2156 1951 2212 tuo
1974 2153 2174 2214 Solleotoriae
2194 2153 2349 2214 fructuum

851 2251 887 2290 ao
908 2236 1109 2308 proventuum
1131 2231 1276 2290 Gamerae
1297 2251 1342 2308 ap.
1365 2233 1538 2292 debitorum
1559 2251 1664 2292 curam
1683 2229 1792 2292 habet“
1817 2229 1942 2304 (Sadol.)
1970 2229 2059 2292 Brev.
2080 2237 2152 2292 tom.
2174 2231 2208 2288 41
2232 2251 2260 2306 p.
2282 2235 2349 2292 212.
2378 2283 2382 2290 .

794 2307 895 2382 (8646)
916 2309 1007 2386 Regis
1034 2309 1223 2368 consiliarios
1248 2313 1365 2386 monet,
1395 2315 1429 2370 66
1454 2313 1620 2370 Henricum
1641 2311 1754 2388 Regem
1786 2309 1824 2368 66
1852 2309 1882 2368 16
1910 2309 2066 2370 16666666.
2109 2309 2292 2384 „Scribimus
2319 2313 2349 2370 in

851 2385 1038 2464 praesentia“
1064 2385 1222 2460 (Sadolet.)
1243 2387 1277 2448 L.
1300 2407 1323 2446 6.
1344 2409 1374 2464 p.
1396 2391 1462 2448 214.

794 2465 894 2540 (8641)
914 2465 990 2542 Regi
1016 2465 1224 2542 Portugalliae
1250 2467 1387 2540 nuntiat,
1418 2487 1450 2526 se
1478 2471 1514 2526 ab
1544 2469 1611 2544 ejus
1640 2467 1768 2542 legatis¹
1795 2467 1944 2544 praestita
1971 2467 2147 2526 solemniter
2175 2465 2348 2526 obedientia

851 2545 1034 2620 appellatum
1056 2543 1164 2618 fuisse,
1193 2547 1228 2602 ut
1249 2545 1291 2602 eis
1312 2545 1453 2620 privatim
1475 2547 1591 2622 copiam
1613 2549 1643 2604 66
1663 2549 1845 2620 potestatem
1868 2545 1914 2602 sui
1934 2545 2067 2620 faceret,
2095 2549 2130 2604 ut
2151 2545 2275 2604 seorsim
2297 2563 2347 2604 ex-

851 2625 998 2698 ponerent
1019 2641 1074 2680 sua
1094 2623 1237 2682 mandata
1258 2627 1289 2682 et
1309 2643 1365 2682 sua
1384 2643 1512 2682 munera
1533 2625 1693 2696 offerrent3
1715 2643 1746 2682 66
1767 2625 1797 2682 16
1818 2621 1950 2682 libenter
1972 2625 2154 2682 concessisse
2178 2627 2208 2682 et
2228 2627 2348 2682 coetum

851 2701 1057 2760 Sardinalium
1086 2703 1250 2760 advocasse
1279 2705 1310 2760 et
1337 2721 1478 2778 magnam
1505 2701 1727 2778 praestantium
1756 2703 1890 2762 virorum
1925 2703 2151 2762 multitudinem
2181 2703 2346 2778 spectaculi

851 2780 1026 2840 celebritate
1048 2781 1229 2838 concitatam
1251 2799 1332 2852 esser
1364 2799 1395 2838 se
1415 2781 1447 2838 16
1469 2783 1620 2840 66666666
1648 2781 1735 2856 61666
1767 2799 1901 2838 summae
1930 2779 2085 2856 dignitatis
2113 2781 2268 2856 excepisse
2299 2781 2350 2838 ad-

851 2861 957 2916 euntes
976 2859 1068 2932 Regis
1094 2859 1209 2934 legatos
1238 2877 1404 2934 eorumque
1430 2859 1598 2918 orationem
1623 2859 1878 2934 jucundissimum
1908 2857 2183 2934 accepisseneque
2203 2859 2348 2916 mediocri

850 2955 918 2996 cum
939 2937 1095 3012 voluptate
1116 2955 1242 2994 munera
1262 2935 1329 3012 ipsa
1349 2937 1518 3012 aspexisse,
1541 2937 1619 2996 inter
1640 2955 1719 3014 quae
1739 2937 1860 3012 elephas
1881 2937 2000 2996 indicus
2021 2937 2190 2994 incredibili
2212 2937 2347 3012 corporis

849 3015 1065 3090 magnitudine,
1085 3015 1187 3074 bellua
1201 3015 1305 3074 docilis
1319 3021 1350 3074 et
1364 3015 1533 3092 praeceptis
1548 3015 1593 3074 sui
1608 3015 1736 3074 rectoris
1750 3017 1971 3092 obtemperans,
1990 3015 2152 3074 maximam
2168 3015 2348 3074 excitaverit

850 3093 1095 3168 admirationem,
1124 3113 1191 3152 cum
1219 3099 1305 3154 tanto
1334 3093 1523 3152 sacculorum
1550 3093 1710 3154 intervallo
1731 3093 1846 3152 Romae
1872 3113 1934 3152 non
1963 3093 2091 3170 amplius
2119 3095 2158 3152 sit
2179 3093 2259 3168 visa;
2288 3093 2346 3152 isto

851 3172 1023 3244 spectaculo
1046 3175 1198 3230 transacto
1213 3171 1304 3246 Regis
1325 3173 1479 3232 ministros
1494 3173 1662 3248 explicasse
1675 3175 1791 3230 restem
1811 3171 1902 3230 rebus
1925 3171 2033 3232 divinis
2049 3171 2238 3246 destinatam,
2261 3171 2347 3246 copia

849 3267 1035 3324 gemmarum
1058 3255 1209 3324 ornatam,
1231 3269 1309 3328 6666
1328 3251 1449 3326 fulgore
1471 3267 1525 3310 suo
1548 3251 1686 3312 omnibus
1708 3249 1813 3308 indicis
1837 3255 1867 3310 66
1888 3251 2018 3310 arabicis
2039 3251 2147 3326 opibus
2168 3249 2345 3326 antecellat3

849 3329 955 3390 literae
968 3329 1060 3404 Regis
1080 3329 1230 3388 incertum
1252 3349 1364 3390 666666
1384 3329 1552 3404 elegantius
1574 3349 1611 3388 an
1632 3329 1803 3404 religiosius
1825 3329 2046 3406 616666616666ς
2069 3329 2135 3404 ejus
2150 3329 2347 3404 magnanimi-

851 3411 958 3482 tatem,
987 3409 1131 3482 cptimam
1160 3427 1232 3484 erga
1259 3409 1356 3468 Deum
1385 3409 1581 3468 voluntatem
1601 3425 1808 3484 summamque
1835 3408 2013 3484 religionem
2042 3409 2183 3466 laudibus
2211 3407 2346 3482 extollit3

848 3487 945 3544 Deum
974 3485 1071 3562 ipsum
1110 3487 1252 3562 pietatem
1283 3487 1374 3562 Regis
1404 3487 1545 3560 praemiis
1580 3487 1780 3558 coelestibus,
1817 3505 1884 3546 esse
1913 3489 2179 3546 remuneraturum
2213 3485 2344 3546 confidit.

852 3563 1071 3640 ,Posteaquam
1086 3565 1239 3624 Serenitas
1253 3567 1307 3624 tua
1325 3565 1386 3624 suis
1400 3563 1508 3638 legatis
1523 3565 1595 3622 viris
1610 3559 1797 3624 166616611616(ι
1822 3563 1947 3638 (86661.)
1969 3565 2056 3624 Β666.
2072 3565 2109 3622 66
2123 3565 2218 3640 66166.
2240 3569 2312 3624 tom.
2327 3563 2343 3620 5

848 3643 869 3702 f.
893 3645 938 3702 48.
978 3643 1033 3702 ud.
1055 3641 1189 3702 Sadoleti
1210 3643 1296 3720 epist.
1317 3645 1354 3702 20
1375 3663 1402 3720 p.
1424 3645 1549 3702 27-30.
1588 3641 1694 3702 Roscoc
1715 3645 1786 3702 tom.
1801 3643 1856 3702 VI.
1878 3645 1935 3718 Ap.
1958 3645 2022 3702 doc.
2047 3643 2100 3702 102
2122 3663 2149 3720 p.
2175 3645 2226 3700 198
2249 3661 2310 3720 666.

791 3719 891 3794 (8648)
913 3719 1051 3780 8666666
1073 3723 1183 3780 6166166
1205 3722 1389 3780 cubiculario
1412 3741 1467 3780 suo
1489 3741 1522 3780 ac
1545 3721 1660 3782 Sentili
1680 3741 1715 3780 66
1736 3721 1869 3780 Β666666
1892 3723 1929 3780 66
1950 3722 2196 3780 Monaldensibus
2217 3721 2254 3780 de
2273 3721 2343 3780 Ocr-

848 3801 933 3858 varia
958 3801 1106 3858 fratribus
1134 3801 1299 3858 domicellis
1325 3801 1536 3860 Urberetanis.
1584 3799 1660 3858 8661
1686 3801 1866 3860 fortalitium
1895 3801 1995 3860 Oastri
2025 3819 2128 3858 eorum
2159 3799 2342 3860 Oastillionis

850 3879 982 3938 Tiberin.
998 3879 1168 3938 Comitatus
1182 3877 1387 3940 Urbisveteris
1408 3883 1470 3938 tam
1486 3897 1540 3956 pro
1561 3879 1752 3954 reparatione
1775 3897 1928 3938 murorum
1948 3897 2036 3954 quam
2050 3897 2105 3956 pro
2121 3879 2188 3954 ejus
2207 3879 2344 3938 custodia

850 3975 958 4032 magna
980 3975 1113 4033 expensa
1132 3957 1276 4032 indigeat,
1298 3957 1336 4014 ad
1358 3975 1461 4016 eorum
1483 3975 1649 4032 eorumque
1669 3957 1896 4032 progenitorum
1917 3957 1986 4014 Sedi
2008 3957 2113 4032 Apost.
2134 3959 2271 4032 impensa
2291 3961 2343 4016 66-

849 4035 954 4110 666616
974 4035 1134 4094 166666666
1154 4035 1226 4110 16616
1248 4035 1423 4110 subsidium,
1446 4035 1525 4110 quod
1546 4035 1671 4110 singulis
1693 4035 1779 4094 annis
1799 4037 1838 4094 ab
1855 4035 2025 4096 hominibus
2041 4035 2141 4094 (lastri
2156 4035 2340 4094 Oastillionis

849 4113 993 4172 Gamerae
1014 4133 1062 4190 ap.
1083 4113 1217 4174 debitum
1239 4117 1275 4172 30
1296 4115 1362 4172 duc.
1383 4113 1449 4172 auri
1471 4115 1497 4172 d.
1513 4113 1545 4172 O.
1566 4133 1626 4172 non
1649 4113 1777 4188 excedit,
1798 4113 1838 4172 66
1858 4113 2022 4172 triennium
2044 4117 2137 4174 donat
2158 4117 2189 4172 et
2208 4113 2340 4190 gratiose

851 4191 998 4250 concedit.
1040 4193 1194 4266 ,Exigunt
1216 4189 1332 4250 6111616ιι
1355 4189 1512 4266 (8666166.)
1533 4191 1622 4250 Β666.
1643 4197 1714 4250 tom.
1737 4194 1772 4249 41
1794 4211 1822 4266 p.
1846 4193 1909 4250 144.

791 4269 892 4344 (8649)
913 4269 1089 4330 Sebastiano
1112 4271 1148 4328 de
1164 4269 1300 4328 Velletro
1322 4269 1490 4344 committit,
1511 4275 1546 4328 ut
1566 4271 1727 4328 nonnullos
1747 4271 1881 4330 latrones
1904 4269 2041 4328 Oorsicos
2064 4269 2251 4330 territorium
2272 4269 2338 4344 ejus

684 4341 690 4354 ’
848 4347 978 4408 616166616
1000 4351 1030 4404 66
1050 4347 1117 4406 1666
1136 4347 1263 4406 finitima
1283 4347 1461 4406 infestantes
1484 4347 1549 4422 capi
1571 4351 1601 4406 et
1622 4349 1660 4406 ad
1680 4349 1713 4406 Β.
1736 4349 1824 4424 66166.
1840 4347 1987 4408 Τ6661616.
2008 4349 2105 4408 almae
2118 4349 2208 4408 Urbis
2229 4351 2339 4424 guber-

847 4431 984 4486 natorem
1013 4425 1120 4484 deduci
1145 4425 1247 4484 faeiat.
1290 4425 1374 4498 „Non
1403 4425 1467 4484 sino
1494 4425 1584 4484 animi
1606 4425 1710 4486 Nostri
1739 4423 1945 4504 displicentia“
1970 4425 2094 4500 (Sadol.)
2115 4427 2203 4486 Brev.
2226 4429 2337 4488 66662

850 4525 879 4566 n.
901 4507 974 4580 2563
995 4509 1068 4564 tom.
1089 4503 1166 4564 301.
1188 4507 1255 4580 26.
1276 4507 1341 4562 310.

650 4613 686 4620 -·
792 4581 891 4656 (8660)
913 4583 1050 4644 (16166616
1072 4583 1242 4642 Butricario
1269 4585 1301 4642 in
1320 4583 1474 4660 Hispaniis
1494 4581 1610 4642 Nuntio
1637 4583 1773 4656 mandat,
1803 4587 1839 4642 ut
1863 4603 1929 4642 cum
1952 4583 2142 4642 Ferdinando
2164 4581 2335 4660 Aragoniae

848 4665 878 4722 et
897 4663 1026 4738 utriusq.
1041 4659 1160 4720 Siciliae
1174 4663 1256 4736 Rege
1277 4681 1367 4738 super
1380 4661 1552 4720 retentione
1571 4679 1626 4738 pro
1644 4663 1734 4738 episc.
1747 4661 1897 4720 Ρ6166616.
1912 4663 2008 4736 666166
2028 4663 2172 4722 ecclesiae
2186 4661 2335 4720 Rosanen.

848 4745 878 4800 et
898 4739 1072 4800 monasterii
1092 4739 1121 4798 8.
1142 4739 1217 4798 Ζ6111
1238 4743 1267 4798 66
1289 4741 1486 4816 quorumdam
1507 4739 1634 4800 aliorum
1657 4741 1825 4800 beneficior.
1847 4741 1935 4814 eccl,
1958 4759 2034 4816 quae
2056 4741 2124 4800 olim
2146 4741 2180 4798 Β.
2202 4739 2333 4816 66166661

848 4819 984 4878 8661666.
1007 4817 1095 4878 Oard.
1117 4817 1145 4878 S.
1168 4815 1272 4878 066616
1292 4819 1323 4878 16
1344 4819 1514 4878 Jerusalem
1535 4819 1659 4878 fuerunt
1686 4823 1716 4878 et
1736 4819 1843 4878 deinde
1864 4819 1944 4878 dicto
1966 4819 2104 4896 episcopo
2126 4819 2274 4878 Ρ6166616.
2297 4819 2334 4878 66

847 4899 1002 4956 ecelesiam
1016 4899 1148 4972 Burgen.
1163 4899 1371 4956 transferendo
1392 4899 1479 4956 erant
1500 4915 1651 4972 concessa,
1672 4897 1715 4956 ita
1735 4899 1890 4972 negotium
1907 4901 1986 4972 agat,
2008 4901 2042 4956 ut
2063 4899 2217 4974 praefatus
2234 4897 2331 4968 (dard,

847 4973 1287 5126 66166666166686666666661
1308 4979 1338 5034 66
1349 4975 1477 5112 tregrepli
1499 4975 1595 5112 666663,
1618 4975 1966 5112 6616666666112666666646
1987 4977 2048 5034 fiat.
2093 4975 2272 5050 „Scribimus
2294 4975 2331 5032 ad

848 5073 862 5112 6
886 5073 1053 5112 arrssrmum
1130 5071 1205 5112 ao.
1266 5073 1327 5112 rev.
1364 5073 1418 5112 om.
1481 5073 1510 5112 n.
1595 5071 1602 5086 ·
1640 5073 1696 5112 om.
1788 5097 1794 5112 .
1877 5091 1920 5112 ...
1964 5099 1971 5112 .

789 5129 890 5204 (8651)
911 5133 969 5190 Pro
991 5131 1131 5190 Tristano
1154 5133 1190 5190 dc
1211 5129 1296 5190 Suria
1314 5131 1390 5190 laico
1411 5097 1603 5202 Ulixbonen.:
1623 5131 1827 5190 Emmanuelis
1846 5071 2051 5208 Sortugalliae
2072 5135 2102 5190 et
2117 5131 2328 5206 Algarbiorum

845 5211 935 5286 Regis
955 5211 1035 5286 apud
1049 5209 1106 5284 Ap.
1124 5209 1228 5268 Sedem
1250 5229 1302 5286 pro
1322 5211 1505 5284 praestanda
1525 5211 1694 5268 obedientia
1712 5207 1840 5268 Oratore
1855 5209 2015 5284 destinate,
2037 5209 2089 5286 qui
2108 5229 2169 5268 non
2190 5211 2330 5268 obstante

845 5289 910 5362 lege
936 5289 966 5344 16
995 5287 1117 5346 61616666
1145 5289 1176 5346 66
1202 5289 1295 5346 61666.
1317 5287 1509 5346 8611666166.
1535 5287 1764 5346 fabricationem
1789 5287 1941 5346 mixturae
1968 5289 2087 5364 saponis
2114 5289 2236 5346 vetante
2265 5289 2328 5346 sine

844 5365 966 5424 licentia
984 5365 1069 5440 regia
1087 5367 1125 5424 ob
1140 5365 1262 5424 servitia
1283 5365 1377 5424 eidem
1391 5367 1467 5442 Regi
1482 5367 1614 5442 impensa
1628 5365 1783 5440 privilegio
1798 5365 2004 5422 fabricationis
2020 5365 2192 5440 hujusmodi
2206 5367 2328 5440 gaudet,
2360 5437 2361 5440 Ἴ

844 5443 991 5520 religiosis
1019 5445 1258 5520 quibuscumque
1285 5445 1350 5502 aliis
1378 5445 1513 5522 personis
1542 5445 1573 5502 in
1601 5443 1688 5502 dictis
1715 5445 1795 5502 civit.
1826 5447 1856 5502 et
1883 5443 1976 5502 dioec.
2007 5443 2241 5502 consistentibus
2272 5445 2328 5504 sub

890 5617 1014 5682 ¹Legati
1039 5623 1127 5670 erant:
1155 5621 1296 5670 Tristanus
1322 5619 1428 5682 Cugna,
1454 5619 1511 5670 666.
1530 5619 1665 5668 Ρ6666666
1688 5621 1715 5666 66
1739 5617 1799 5668 Joh.
1818 5617 1908 5666 Faria.
1945 5613 1985 5666 Of.
2009 5615 2117 5664 Hieron.
2144 5613 2268 5664 Ostorium
2293 5619 2324 5668 de

794 5691 874 5740 rebus
893 5691 1011 5742 Emmau.
1031 5691 1063 5742 R.
1082 5691 1113 5740 L.
1133 5689 1182 5740 IX.
1201 5703 1227 5754 p.
1247 5691 1296 5740 298
1316 5689 1355 5740 66.
1376 5687 1468 5740 Gelon.
1485 5689 1624 5754 Allobrog.
1647 5687 1827 5740 [51466661.
1847 5685 2052 5738 6686661661.
2072 5699 2094 5736 c.
2112 5703 2139 5750 p.
2159 5687 2215 5736 aba.
