5426 6726
892 335 1029 408 ANNO
1057 335 1209 410 PRIMO
1238 335 1400 408 MENSE
1427 337 1587 412 JUNIO.
1646 341 1758 412 1513.
2241 343 2312 412 193

359 495 528 500 .-.-.-..-.-——-
554 493 714 498 ——-——
735 493 836 498 m--n—a-
861 493 1118 498 -—--—·-—
1177 495 1262 500 -..--...-.-.-
1302 495 1348 500 -.—
1813 495 2315 502 n..—.-—-...-—--.—.-.-..—.—-.-.-.—-

815 727 849 782 91
879 723 1012 782 1999991
1046 723 1164 782 Salezar
1191 723 1262 780 cler.
1296 721 1452 796 Seguntin.
1488 721 1581 780 dioec.
1612 721 1766 780 Pontificis
1795 721 1938 780 familiari
1965 741 2058 780 unam
2090 721 2138 780 del
2163 723 2252 796 Hoyo
2283 727 2313 780 et

816 801 993 858 Oabrerizas
1015 803 1045 858 et
1065 801 1154 858 aliam
1176 799 1212 856 de
1232 799 1374 856 Palentia
1394 803 1424 856 et
1438 799 1574 874 Negrilla
1596 817 1658 872 par.
1681 799 1824 858 eeclesias
1844 803 1875 858 et
1895 817 1989 856 unum
2010 799 2042 856 in
2063 799 2100 856 de
2120 799 2166 858 los
2183 799 2313 858 Villares

818 881 846 936 et
868 879 951 936 aliud
973 877 1021 936 del
1040 877 1120 934 Pozo
1140 876 1277 936 locorum
1298 875 1443 934 beneficia
1464 875 1659 934 Salamantin.
1688 881 1719 934 et
1748 875 1878 936 Abulen.
1909 877 2003 934 dioec.
2032 875 2170 934 conferre
2198 881 2313 936 curent.

817 955 851 1012 O.
873 955 908 1014 E.
931 955 975 1026 (P.
998 957 1034 1014 19
1055 955 1139 1012 Senis
1157 953 1161 1026 Ι
1181 955 1266 1012 Orat.
1288 953 1446 1012 demand.
1468 953 1496 1012 S.
1516 953 1552 1010 D.
1574 951 1680 1010 Millin.
1701 953 1862 1014 Enckenw.
1889 953 1892 1026 Ι
1915 953 2076 1028 Madrigal.
2096 951 2135 1010 H.
2158 953 2194 1012 de
2216 951 2312 1026 Oasis)

358 1109 511 1172 2219911.
578 1105 691 1164 Romae
758 1107 855 1182 (3399)
879 1107 907 1166 S.
929 1107 1072 1168 Venantii
1093 1107 1130 1166 de
1151 1107 1308 1184 Oeparano
1337 1113 1367 1166 et
1388 1107 1416 1166 S.
1437 1105 1574 1182 Oaprasii
1602 1107 1638 1166 de
1658 1107 1780 1166 Annla¹
1801 1109 1916 1166 Limen.
1939 1107 2059 1166 999999.
2088 1107 2183 1164 dioec.
2210 1125 2313 1166 mona-

371 1189 417 1254 (X.
435 1189 495 1240 Kal.
597 1183 678 1258 apud
815 1185 976 1242 steriorum
1002 1185 1162 1244 abbatibus
1188 1203 1222 1242 ac
1244 1185 1357 1242 vicario
1379 1203 1446 1260 gen.
1469 1185 1558 1260 episc.
1580 1185 1694 1242 Lunen.
1717 1185 1836 1242 Sarsan.
1858 1185 1997 1258 mandat,
2028 1189 2064 1242 ut
2084 1185 2248 1242 Hannibali
2275 1185 2313 1242 de

397 1257 462 1322 mi]
552 1259 579 1318 3.
602 1261 726 1318 Petrum
816 1263 972 1330 Quistellis
994 1263 1065 1320 cler.
1087 1263 1185 1320 dictae
1207 1263 1300 1320 dioec.
1322 1263 1518 1320 canonicatus
1541 1265 1570 1320 91
1590 1263 1788 1338 praebendas,
1811 1281 1886 1338 9999
1901 1263 2083 1320 Simonellus
2105 1261 2142 1320 de
2158 1261 2312 1336 Oragnola

816 1343 845 1396 et
866 1341 1036 1414 Stephanus
1065 1339 1101 1398 19
1121 1339 1254 1398 Pastena
1280 1341 1311 1396 in
1340 1339 1412 1398 eccl.
1439 1339 1554 1398 Lunen.
1584 1341 1704 1398 Sarsan.
1732 1341 1941 1412 obtinuerant,
1972 1339 2024 1414 qui
2051 1341 2088 1398 ob
2116 1337 2311 1396 rebellionem

815 1419 922 1474 999199
944 1417 1029 1474 911.
1051 1417 1084 1474 E.
1108 1417 1286 1492 privationis
1306 1435 1435 1492 poenam
1463 1417 1674 1488 incurrerunt,
1703 1417 1878 1488 conferant,
1907 1417 1932 1474 91
1952 1417 2070 1476 9999119
2090 1415 2234 1474 99999119
2261 1433 2311 1474 999

815 1511 924 1552 vacare
944 1495 1122 1568 repererint.
1167 1493 1272 1566 ,Vitae
1295 1513 1329 1552 ac
1350 1491 1484 1552 morum“
1508 1491 1575 1566 (Ρ9.
1599 1493 1635 1550 19
1656 1493 1884 1558 999191999119
1910 1511 1965 1568 pro
1986 1491 2058 1552 fam.
2081 1493 2183 1568 script.
2204 1493 2312 1554 Millin.

815 1569 975 1628 Enokenvv.
995 1569 999 1642 Ι
1018 1569 1209 1628 Benedictus,
1233 1571 1308 1630 Ooll.
1330 1571 1368 1630 H.
1391 1571 1426 1628 de
1448 1567 1544 1642 Oasis)
1565 1571 1599 1628 L.
1621 1571 1719 1628 9991.
1742 1571 1805 1628 163.

758 1645 856 1718 (3319)
884 1647 1019 1704 Martiali
1037 1647 1134 1722 Boyol
1163 1647 1280 1706 confert
1308 1665 1372 1722 par.
1402 1649 1557 1706 ecclesiam
1584 1649 1725 1704 91999199
1751 1651 1958 1722 nuncupatam
1985 1647 2013 1706 11.
2039 1647 2184 1706 (19999111
2206 1647 2312 1704 Lemo·

815 1725 1026 1872 Eicep.Ldioec.
1058 1723 1164 1856 ,fVitae
1184 1743 1219 1782 ao
1241 1723 1374 1782 morum“
1393 1723 1536 1798 (Sadolet.
1556 1721 1709 1798 (9919911.
1730 1725 1838 1782 Draco.
1856 1725 1860 1796 Ι
1880 1725 1908 1782 1.
1931 1725 1968 1782 19
1988 1723 2108 1782 Lerma.
2132 1723 2311 1782 9911.Η.19

842 1819 880 1858 es.
944 1803 1047 1860 ,1999
1082 1803 1164 1858 ,241
1186 1803 1215 1860 b.

758 1875 857 1950 (3311)
879 1877 1050 1936 iohannem
1070 1845 1238 1934 Antonium
1259 1877 1296 1934 de
1316 1877 1408 1936 Petro
1428 1879 1569 1954 providet
1598 1881 1634 1936 19
1657 1879 1837 1938 canonicatu
1865 1881 1895 1936 et
1913 1881 2016 1954 praeb.
2046 1879 2118 1936 eccl.
2143 1877 2311 1938 Pisaurieu.

813 1953 883 2012 Init.
905 1959 940 2012 ut
961 1973 1052 2030 supra
1071 1953 1240 2026 (Armellin.
1259 1953 1263 2026 Ι
1281 1953 1413 2012 (1919911.
1433 1957 1532 2012 Draco
1551 1953 1555 2024 Ι
1573 1955 1698 2014 Verdes.
1721 1955 1795 2012 Ooll.
1817 1953 1932 2028 Oamp.)
1954 1953 1987 2014 L.
2011 1955 2128 2012 19991.
2153 1957 2215 2012 144.

758 2029 857 2102 (3312)
878 2031 1019 2090 Nobilem
1039 2031 1196 2088 mulierem
1217 2031 1390 2088 Lucretiam
1410 2031 1557 2090 Esthen.²
1586 2049 1653 2090 cum
1680 2031 1851 2090 domesticis
1872 2031 1934 2088 suis
1961 2031 2093 2090 absolvit
2120 2051 2138 2090 a
2165 2033 2310 2106 censuris,

816 2125 890 2182 quas
913 2109 968 2166 sub
989 2109 1222 2184 praedecessore
1250 2127 1310 2166 non
1338 2109 1506 2166 obediendo
1533 2109 1740 2182 incurrerant,
1767 2127 1911 2182 monens,
1939 2113 1973 2166 ut
1994 2107 2109 2166 Christi
2129 2109 2259 2168 vicarios
2280 2113 2311 2166 et

815 2185 844 2244 S.
871 2187 999 2244 matrem
1025 2185 1107 2244 Eccl.
1136 2185 1234 2244 colere
1262 2205 1297 2244 ao
1324 2187 1464 2244 venerari
1492 2205 1553 2244 non
1579 2187 1714 2246 desistat.
1757 2185 1850 2260 ,Oum
1877 2185 1906 2244 S.
1935 2189 2034 2244 mater
2063 2187 2200 2246 Ecclesia
2228 2187 2310 2246 111199

816 2263 961 2336 exemplis
982 2267 1013 2320 91
1031 2259 1218 2338 praeceptis“
1245 2261 1401 2334 (Sadolet.)
1422 2263 1510 2322 Brev.
1533 2263 1571 2322 ad
1590 2265 1684 2338 princ.
1707 2267 1779 2322 tom.
1800 2265 1817 2322 5
1838 2263 1859 2320 f.
1881 2265 1908 2320 2.

758 2337 856 2412 (3313)
880 2337 1085 2398 Gubernatori
1105 2337 1318 2396 Oonialonerio
1341 2343 1371 2398 et
1391 2337 1533 2398 Antianis
1553 2339 1685 2398 civitatis
1706 2341 1821 2398 Bonon.
1841 2341 1981 2412 nuntiat,
2010 2357 2043 2396 se
2062 2341 2140 2398 bene
2160 2341 2310 2414 recepisse

815 2433 920 2472 eorum
935 2415 1079 2474 Oratores
1100 2419 1131 2474 91
1150 2433 1205 2490 pro
1226 2415 1307 2472 bono
1328 2417 1459 2474 civitatis
1480 2415 1626 2490 regimine
1646 2417 1763 2490 aliquot
1782 2417 1860 2474 cives
1875 2417 1907 2472 in
1922 2415 2080 2472 eonsilium
2101 2421 2132 2474 et
2153 2417 2310 2492 magistra-

815 2497 878 2548 tum
902 2491 1036 2568 elegisse,
1067 2509 1155 2568 quem
1177 2493 1485 2568 Quadragintavirum
1509 2493 1656 2568 appellari
1676 2493 1784 2566 vellet,
1813 2493 1893 2568 quod
1914 2493 1944 2550 in
1965 2493 2049 2550 bulla
2071 2493 2199 2568 desuper
2220 2511 2310 2568 expe-

815 2569 924 2626 dienda
943 2569 1051 2628 melius
1073 2569 1285 2644 explicaretur.
1329 2571 1491 2644 ,Oratores
1515 2571 1604 2628 istius
1632 2571 1763 2628 civitatis
1783 2571 1915 2628 Nostrae
1935 2569 2032 2628 Nobis
2058 2571 2251 2628 charissimae
2273 2571 2310 2628 19

813 2645 849 2702 119
870 2649 980 2718 99999,
1011 2665 1089 2722 9999
1109 2647 1148 2704 91
1168 2647 1404 2706 stabilimentum
1427 2651 1456 2704 et
1478 2647 1606 2704 salutem
1627 2645 1764 2720 ejusdem
1790 2649 1920 2706 civitatis
1941 2647 2081 2706 conferre
2101 2667 2136 2706 ao
2156 2649 2309 2724 pertinere

814 2723 879 2780 visa
901 2727 981 2796 sunt,
1003 2741 1075 2782 9999
1096 2723 1256 2798 diligenter
1276 2721 1440 2784 Nobiscum
1463 2721 1632 2798 egerunt“³
1654 2723 1778 2796 (Sadol.)
1799 2725 1833 2784 L.
1854 2743 1879 2782 9.
1900 2725 1921 2780 1.
1943 2727 1970 2780 3.

757 2799 857 2872 (3314)
878 2799 1071 2858 Florentino:
1091 2801 1248 2874 99919199,
1276 2805 1312 2858 91
1338 2801 1444 2858 1999119
1466 2801 1568 2876 oppidi
1587 2799 1731 2860 Bibienae
1752 2799 1890 2858 Pontifici
1917 2799 2046 2874 ejusque
2066 2801 2199 2858 familiae
2220 2799 2308 2858 valde

814 2877 943 2934 addictis
969 2877 1174 2934 immunitates
1202 2879 1232 2934 91
1261 2895 1386 2936 onerum
1407 2877 1632 2950 alleviamenta,
1659 2895 1737 2952 qnae
1757 2883 1880 2952 petunt,
1910 2877 2087 2936 concedant.
2130 2877 2212 2952 ,Etsi
2240 2897 2309 2934 cunr

815 2953 996 3012 Oratoribus
1016 2951 1170 3012 vestris“4
1190 2953 1315 3026 (Sadol.)
1337 2955 1371 3012 L.
1394 2973 1419 3012 o.
1439 2955 1459 3012 f.
1480 2955 1508 3012 4.

756 3029 856 3106 (3315)
877 3033 897 3090 J
900 3051 1028 3090 oannem
1047 3033 1173 3088 Mariam
1194 3031 1344 3088 Dominici
1361 3031 1542 3090 Alamanum
1570 3031 1728 3090 constituit
1747 3031 1825 3090 arcis
1845 3031 1990 3090 Veruchii
2012 3031 2218 3090 Oastellanum
2241 3051 2309 3088 cum

815 3108 933 3180 salarie,
956 3109 1071 3182 paghis,
1094 3107 1312 3176 emolumentis,
1332 3107 1498 3168 honoribus
1520 3111 1550 3166 et
1571 3109 1713 3166 oneribus
1735 3109 1894 3166 consuetis.
1925 3109 2138 3182 ,Promeretur
2159 3109 2256 3166 virtus
2278 3113 2308 3166 et

812 3187 949 3260 probitas
971 3181 1040 3242 199α
1065 3183 1110 3256 (P.
1132 3183 1276 3254 Bombos)
1298 3185 1366 3242 Diu.
1388 3183 1469 3244 Oam.
1491 3189 1561 3242 tom.
1584 3189 1620 3242 63
1642 3183 1663 3240 1.
1685 3185 1750 3256 248,
1761 3187 1790 3244 b.

755 3259 855 3334 (3316)
876 3261 1053 3318 Alexandro
1076 3261 1103 3320 S.
1124 3261 1282 3318 Eustachii
1302 3261 1387 3320 Diae.
1402 3261 1564 3320 Oardinali.
1579 3261 1674 3318 Grato
1696 3261 1734 3318 de
1751 3261 1868 3318 Oomite
1888 3261 1923 3318 B.
1938 3261 1973 3320 E.
1993 3261 2024 3318 in
2046 3265 2173 3336 tempor.
2195 3261 2307 3320 vicario

814 3341 939 3398 cedente
966 3339 1120 3414 Eugenius
1147 3339 1202 3396 IV.
1229 3339 1395 3396 Banutium
1425 3339 1461 3396 de
1488 3339 1633 3396 Parnesio
1668 3339 1857 3396 domicellum
1886 3337 2025 3396 Oastren.
2056 3339 2149 3396 dioec.
2181 3343 2211 3396 et
2240 3339 2307 3414 ejus

812 3417 889 3474 filios
911 3435 1008 3492 usque
1029 3415 1067 3474 ad
1088 3417 1209 3474 tertiam
1229 3417 1456 3490 generationem
1477 3417 1509 3474 in
1529 3419 1697 3474 castrorum
1714 3415 1821 3474 Oauini
1841 3419 1871 3474 et
1886 3415 2091 3474 Oradularum
2112 3421 2143 3474 et
2157 3417 2307 3474 Abbatiae

812 3495 851 3552 ad
870 3497 994 3570 pontem
1014 3493 1287 3552 Montisflasconen.
1310 3497 1340 3552 et
1362 3493 1499 3552 Oastreu.
1531 3495 1625 3552 dioec.
1645 3493 1808 3550 medietate
1828 3493 1957 3552 vicarios
1987 3495 2019 3552 iu
2039 3497 2130 3568 temp.
2152 3495 2307 3568 generales

812 3589 880 3628 oum
902 3587 984 3628 mero
1007 3573 1036 3626 et
1057 3569 1152 3628 mixto
1172 3571 1299 3646 imperio
1321 3573 1350 3628 91
1373 3571 1542 3628 omnimoda
1559 3569 1771 3644 jurisdictione
1786 3571 1944 3646 temporali
1959 3571 2127 3644 constituit,
2150 3573 2205 3630 sub
2222 3575 2305 3628 certo

813 3665 905 3704 censu
932 3647 1059 3720 singulis
1085 3647 1171 3704 anuis
1199 3647 1230 3704 iu
1257 3647 1326 3704 1991.
1348 3645 1488 3704 Omnium
1509 3645 1559 3704 se.
1587 3645 1776 3702 thesaurario
1799 3645 1880 3706 Oam.
1901 3645 1959 3722 Ap.
1986 3647 2018 3704 in
2038 3649 2194 3722 provincia
2214 3649 2306 3720 patri-

812 3725 904 3780 monii
919 3725 952 3780 B.
967 3721 1050 3780 Petri
1071 3723 1102 3780 iu
1116 3723 1226 3780 Tuscia
1240 3741 1295 3798 pro
1310 3728 1446 3796 tempore
1460 3723 1604 3780 existenti
1619 3721 1758 3780 solvendo
1775 3727 1806 3780 et
1820 3725 1875 3780 sub
1891 3741 1981 3782 onere
1995 3725 2127 3782 militare
2141 3725 2305 3782 subsidium

811 3801 1004 3876 persolvendi
1034 3805 1064 3858 91
1094 3801 1153 3858 9119
1182 3801 1306 3858 99991119
1335 3799 1528 3874 adimplendi.
1568 3801 1681 3858 Paulus
1709 3799 1751 3858 II.
1780 3801 1834 3858 has
1865 3801 1999 3876 aliasque
2031 3801 2238 3858 concessiones
2268 3803 2305 3858 ab

811 3877 948 3952 Eugenio
970 3879 1023 3936 IV.
1052 3881 1083 3936 91
1103 3879 1329 3936 9999999991999
1360 3877 1427 3950 ejus
1447 3877 1545 3936 199199
1565 3877 1745 3936 haeredibus
1765 3879 1876 3936 iterum
1897 3897 1993 3952 usque
2015 3879 2055 3936 ad
2075 3879 2196 3936 tertiam
2216 3895 2306 3952 gene·

812 3957 962 4012 rationem
983 3955 1139 4026 extendit,
1161 3975 1227 4012 cum
1249 3955 1402 4013 Antonius
1424 3953 1946 4028 199999991919Ρ1991991191999
1967 3955 2039 4032 Dux
2057 3953 2229 4014 Amalfitau.
2251 3975 2305 4032 pro

812 4031 909 4090 altera
929 4031 1091 4090 medietate
1110 4033 1241 4090 91999199
1262 4049 1364 4106 gener.
1387 4031 1516 4104 cederet,
1537 4033 1627 4088 istam
1640 4031 1767 4090 alteram
1781 4031 1975 4090 medietatem
1989 4033 2028 4090 ad
2044 4031 2139 4090 dictos
2160 4033 2305 4090 haeredes

812 4109 973 4166 transferri
993 4109 1157 4182 concessit,
1187 4127 1279 4166 censu
1299 4107 1420 4166 191991.
1442 4107 1490 4166 OS.
1511 4107 1569 4184 Ap.
1590 4109 1675 4166 Petri
1702 4113 1732 4166 et
1753 4107 1839 4166 Pauli
1867 4109 1992 4184 singulis
2015 4111 2102 4166 annis
2123 4111 2304 4184 praestando

812 4185 963 4260 imposito.
1004 4185 1080 4244 Oum
1106 4203 1146 4242 ex
1172 4187 1311 4244 omnibus
1339 4185 1591 4244 descendentibus
1612 4185 1737 4244 Ranutii
1764 4185 1862 4242 dictus
1883 4185 2053 4244 Oardinalis
2082 4187 2163 4244 solus
2189 4205 2307 4244 reman-

812 4263 900 4320 sisset
922 4269 952 4320 91
972 4281 1010 4320 99
1031 4269 1094 4320 tam
1106 4263 1266 4338 praeclara
1278 4263 1393 4320 familia
1408 4263 1510 4320 sobole
1526 4281 1586 4320 non
1602 4267 1742 4320 exstante
1756 4263 1905 4338 interiret,
1929 4263 2107 4338 ,nonnullos
2123 4281 2160 4320 ex
2175 4265 2304 4338 quadam

811 4341 906 4398 nobili
927 4341 1028 4398 soluta
1047 4339 1175 4398 muliere
1196 4383 1203 4398 .
1224 4385 1231 4398 .
1254 4383 1261 4398 .
1283 4341 1401 4398 cuidam
1424 4341 1581 4398 domicello
1603 4341 1794 4414 postmodum
1813 4345 1910 4416 nupta
1928 4341 2004 4398 filios
2033 4341 2193 4416 suscepisti
2214 4345 2244 4398 et
2265 4359 2303 4398 ex

812 4417 855 4474 eis
882 4419 933 4476 dil.
960 4417 1053 4476 filium
1082 4417 1207 4474 Petrum
1233 4415 1393 4494 Aloysium
1424 4421 1452 4476 et
1483 4417 1633 4492 quondam
1654 4417 1782 4476 Paulum
1813 4419 1912 4490 quoad
1933 4419 2076 4476 effectum
2098 4419 2304 4494 cujuscunque

812 4495 1012 4552 successionis
1040 4497 1070 4552 et
1097 4513 1200 4552 omnes
1221 4495 1296 4554 alios
1315 4495 1394 4570 juris
1423 4495 1548 4552 effectus
1571 4537 1577 4552 .
1600 4539 1607 4554 .
1629 4539 1635 4554 .
1653 4495 1745 4568 justis
1766 4495 1918 4552 natalibus
1939 4495 2076 4572 plenarie
2096 4497 2217 4554 restitui
2238 4539 2245 4554 .
2268 4539 2274 4554 .
2297 4539 2303 4554 .

812 4571 986 4648 obtinuisti3
1016 4571 1125 4644 cuique
1145 4571 1236 4630 Petro
1259 4571 1383 4646 Aloysio
1411 4571 1549 4648 praefato
1578 4573 1616 4632 cb
1645 4573 1710 4646 ejus
1739 4571 1827 4630 animi
1855 4571 1941 4630 dotes
1969 4575 1999 4630 et
2019 4573 2185 4632 laudabiles
2206 4591 2304 4632 mores

812 4653 842 4704 et
862 4653 973 4710 bonam
992 4649 1123 4706 indolem
1139 4647 1247 4708 Oomes
1262 4649 1612 4724 Pitigliauidomicellus
1626 4649 1710 4708 Rom.
1732 4649 1823 4706 filiam
1845 4667 1929 4708 suam
1950 4651 2159 4724 desponsavit:
2180 4649 2244 4710 Nos
2266 4649 2304 4708 91

809 4725 879 4784 fidei
899 4727 1125 4800 integritatem,
1155 4743 1246 4800 quam
1274 4727 1523 4800 praedecessores
1544 4727 1590 4784 tui
1616 4725 1746 4800 praefati
1775 4727 1812 4784 ad
1842 4725 1952 4784 dictam
1975 4725 2046 4784 eccl.
2069 4727 2304 4802 omnitempore

809 4809 987 4876 gesserunt,
1010 4847 1017 4860 .
1039 4847 1045 4860 .
1068 4845 1075 4860 .
1096 4803 1134 4860 91
1162 4803 1251 4876 plura
1277 4821 1331 4876 per
1359 4807 1389 4860 19
1409 4803 1440 4860 19
1460 4803 1523 4860 Nos
1554 4807 1584 4860 et
1610 4803 1749 4878 praedes.
1770 4803 1899 4860 Nostros
1919 4803 2004 4862 Rom.
2025 4803 2113 4862 Pont.
2142 4821 2176 4862 ac
2198 4803 2303 4862 Sedem

810 4881 867 4954 Ap.
890 4881 1035 4956 obsequia
1055 4879 1215 4956 praestita,
1247 4879 1299 4954 991
1320 4881 1411 4936 etiam
1430 4879 1559 4954 propriis
1579 4879 1777 4938 facultatibus
1806 4881 1838 4938 in
1855 4881 1947 4938 variis
1969 4879 2122 4938 Ecclesiae
2143 4881 2304 4938 necessita-

811 4959 891 5016 tibus
907 4973 969 5014 non
983 4957 1155 5032 pepercisti,
1178 4955 1313 5014 debiturn
1327 4959 1499 5032 respectum
1516 4957 1662 5014 habentes
1684 4999 1691 5014 .
1713 5001 1719 5016 .
1742 5001 1749 5016 .
1771 4959 1904 5032 singulas
1919 4957 2129 5016 concessiones
2151 5001 2157 5016 .
2180 5001 2187 5016 .
2208 5001 2215 5016 .
2235 4959 2304 5032 post

858 5169 865 5204 ¹
884 5171 912 5224 S.
933 5169 1062 5238 Oaprasio
1084 5171 1145 5222 dell'
1163 5171 1255 5222 Aulia.
1292 5171 1333 5222 ef.
1355 5169 1508 5238 Coppelletti
1523 5177 1588 5222 tom.
1610 5175 1641 5224 ia
1661 5187 1687 5238 p.
1707 5175 1757 5222 421
1777 5187 1832 5238 999.

855 5241 865 5274 ²
883 5243 1011 5292 Lucretia
1028 5243 1128 5306 Borgia
1145 5245 1290 5308 posteriori
1309 5259 1359 5292 sua
1372 5247 1428 5292 9119
1442 5243 1536 5292 saltem
1549 5243 1656 5294 laudem
1674 5244 1839 5308 gloriamque
1857 5245 2001 5308 promerito
2021 5247 2068 5308 est,
2088 5245 2117 5292 ut
2133 5241 2249 5292 ostendit
2261 5240 2304 5292 vel

752 5313 810 5376 ipse
830 5311 1019 5376 9999999199,
1040 5313 1167 5362 Lucretia
1180 5313 1287 5376 Borgia
1317 5313 1450 5376 Stuttgart
1469 5313 1545 5362 1874.

856 5379 866 5414 ³
885 5381 1013 5432 Oratores
1031 5383 1170 5432 Bononiae
1188 5397 1236 5432 sex
1253 5383 1311 5448 jam
1330 5381 1432 5432 11999.
1452 5381 1531 5432 Μ991.
1551 5383 1652 5432 Romae
1671 5385 1746 5432 erant
1760 5381 1840 5446 juxta
1853 5381 1977 5430 Paridem
1996 5381 2029 5430 de
2045 5379 2168 5446 Orassis3
2197 5383 2304 5430 nonnisi

711 5509 714 5514 ¹
750 5457 813 5514 post
831 5455 920 5502 varias
938 5455 966 5500 in
985 5449 1066 5502 Ouria
1086 5451 1293 5516 disceptationes
1313 5451 1347 5502 ad
1366 5451 1565 5510 conclusionem
1581 5453 1750 5502 tractationis
1768 5455 1877 5502 ventum
1895 5455 1942 5500 991.

854 5517 1176 5570 1099199991199991191
1195 5521 1338 5570 duodecim
1357 5521 1489 5586 designati
1507 5519 1620 5586 1999991,
1640 5519 1683 5570 119
1697 5523 1738 5570 24.
1752 5521 1820 5570 Μ911
1837 5521 1960 5570 undecim
1979 5519 2073 5568 urbem
2092 5521 2203 5580 ingressi
2222 5527 2304 5584 99991,

752 5591 903 5656 9911193.
923 5591 986 5640 dun.
1007 5593 1035 5640 in
1054 5589 1221 5640 Oonsistorio
1240 5595 1341 5656 recepti
1358 5589 1473 5640 fuerunt.

393 5685 580 5738 Hergeuroeiher,
593 5685 678 5724 Leonis
691 5685 717 5724 x.
732 5683 836 5732 negasse.
1052 5687 1055 5694 “
2064 5673 2097 5722 25
