5434 6734
842 413 979 488 ANNO
1007 411 1233 488 SECUNDO
1262 413 1425 488 MENSE
1452 413 1740 488 surranum.
1799 413 1908 486 1514.

809 653 926 734 1514.

426 795 452 850 6.
471 791 552 866 6666.
586 793 699 852 Romae
710 795 789 868 apud
811 789 939 866 (11451)
960 789 1104 850 Andreae
1125 787 1255 850 Oarrillo
1283 791 1354 850 fam.
1382 811 1437 852 suc
1466 793 1675 854 canonicatum
1705 795 1735 852 et
1761 791 1863 868 praeb.
1886 795 1943 850 etc.
1973 791 2196 866 66611666166.
2223 797 2370 852 reservat.

415 867 558 932 (111116.
599 871 627 930 6.
642 871 777 932 Petrum.
869 869 961 928 (1.1.
1001 869 1035 926 L.
1059 867 1175 926 10111.
1200 867 1263 926 126.

443 939 528 1006 Sept.)
668 981 706 992 -
810 945 937 1022 (11452)
960 947 1052 1006 Petro
1081 943 1203 1004 Picardi
1229 945 1300 1004 fam.
1325 963 1378 1004 666
1407 947 1618 1006 66666166666
1646 949 1718 1008 eccl.
1739 947 1909 1024 Augustos.
1937 965 2022 1022 prov.
2050 947 2211 1006 Tarantas
2239 947 2368 1022 confert,

810 1023 1873 1176 (lllddlbdldllslrdpivsffldoaddllloredsdreladscdlanhl'aoLliflildldlideddn.
1894 1103 2026 1178 mandat,
2048 1103 2083 1158 66
2098 1099 2223 1158 11166166
2239 1101 2369 1174 Remigii

869 1181 938 1238 olor.
961 1177 1080 1236 161166.
1108 1179 1221 1252 61666.,
1250 1177 1328 1252 Mag.
1349 1177 1381 1234 in
1406 1177 1542 1250 artibus,
1570 1195 1634 1252 par.
1656 1179 1811 1238 eeclesiam
1834 1179 1871 1238 de
1892 1179 2017 1238 Saxuris
2045 1179 2144 1236 diotae
2165 1177 2260 1236 dioec.
2282 1177 2367 1236 obitu

868 1255 1017 1314 lobannis
1038 1255 1076 1312 66
1097 1255 1219 1312 Balneis
1241 1254 1315 1312 alias
1335 1253 1469 1330 Magnini
1483 1273 1548 1312 vac.
1571 1255 1738 1312 conferant.
1781 1257 1970 1328 „Literarum
1991 1251 2144 1316 seientia“.
2186 1253 2278 1312 Arch.
2298 1255 2367 1314 Lat.

869 1333 927 1392 vol.
950 1333 984 1392 B.
1004 1333 1026 1392 f.
1047 1333 1095 1390 50.

809 1408 1078 1482 (11454-11455)
1107 1409 1279 1468 Johannem
1306 1407 1473 1466 Antonium
1502 1427 1540 1466 ex
1566 1409 1719 1468 nobilibus
1748 1409 1785 1466 de
1811 1409 1933 1468 Verane
1963 1409 2034 1468 cler.
2060 1409 2365 1468 Lunam-Sarranen.

868 1487 963 1546 dioec.
986 1491 1015 1546 et
1034 1487 1071 1546 U.
1094 1487 1122 1546 J.
1151 1487 1307 1546 doctorem
1333 1487 1364 1544 in
1391 1487 1491 1544 locum
1511 1487 1625 1544 Vaschi
1645 1483 1754 1544 Marini
1782 1487 1914 1544 officium
1941 1487 2148 1546 sollicitatoris
2168 1487 2247 1544 liter.
2270 1489 2365 1562 apost.

866 1565 1049 1642 resignastis
1071 1569 1221 1640 surrogat.
1264 1565 1452 1638 „Literarum
1473 1559 1618 1622 scientia“
1649 1563 1746 1622 Paulo
1771 1563 1807 1622 de
1826 1561 1910 1622 (16616
1931 1583 2037 1622 66666.
2054 1565 2208 1640 66616666.
2228 1563 2363 1638 666666,

867 1643 1050 1702 6666666
1073 1643 1184 1700 dietum
1208 1643 1338 1700 officium
1357 1643 1464 1700 admitt
1486 1645 1506 1700 t.
1550 1637 1682 1716 „Hodie“
1704 1639 1796 1700 Aroh.
1817 1641 1884 1700 Lat.
1906 1645 1977 1700 tom.
1999 1645 2035 1700 33
2056 1643 2076 1700 f.
2100 1643 2191 1716 15,6;
2212 1643 2233 1700 1.
2258 1643 2303 1700 16.

809 1717 1079 1792 (11456-11451)
1100 1719 1235 1778 Antonio
1256 1719 1410 1778 Michaelis
1431 1719 1542 1794 Angeli
1570 1721 1713 1778 canonico
1738 1717 1808 1776 6661.
1832 1717 1954 1776 0161666.
1977 1717 2103 1778 06666111
2123 1721 2157 1778 Ο.
2181 1719 2210 1778 6.
2231 1719 2312 1792 Aug.
2335 1721 2365 1778 et

867 1799 938 1856 fam.
961 1817 1015 1856 suo
1036 1815 1100 1870 par.
1122 1797 1281 1854 ecclesiam
1302 1797 1329 1854 6.
1346 1797 1455 1870 Angeli
1476 1795 1576 1856 Oestri
1594 1795 1735 1854 Oiternae
1756 1793 2099 1856 016160666611161666.
2121 1797 2249 1856 confert.
2279 1795 2315 1856 [t.
2330 1795 2364 1856 F.

867 1877 995 1932 Execut.
1017 1875 1155 1946 deputat.
1198 1869 1341 1946 „Hodic“.
1382 1873 1472 1932 Arch.
1494 1875 1562 1932 Lat.
1583 1877 1655 1932 tom.
1678 1875 1713 1930 38
1734 1871 1755 1930 f.
1780 1873 1833 1928 166
1855 1889 1938 1946 seqq.

810 1949 1079 2024 (11456-11459)
1100 1950 1242 2008 Michaeli
1256 1949 1393 2008 Ferraud
1415 1951 1485 2008 cler.
1500 1949 1725 2010 Olaromouten.
1748 1947 1842 2006 dioec.
1856 1949 2016 2006 rectoriam
2040 1949 2185 2006 ecclesiae
2201 1949 2235 2008 B.
2250 1949 2366 2006 Mariae

868 2027 977 2102 Aquae
991 2027 1121 2104 Sparsae
1144 2027 1242 2084 616666
1265 2027 1357 2086 dioec.
1378 2027 1416 2086 ad
1432 2031 1548 2084 certum
1569 2033 1687 2102 tempus
1709 2027 1899 2084 commendat
1920 2029 1950 2084 et
1972 2025 2079 2084 deinde
2100 2027 2228 2084 confert.
2272 2027 2368 2100 „Lau-

869 2101 1010 2164 dabilia“.
1049 2105 1179 2162 Exeout.
1208 2105 1299 2178 deput
1321 2109 1341 2162 t.
1384 2099 1515 2178 „Hodie“
1553 2105 1713 2180 (Bregeon.
1754 2103 2026 2178 PbdeAgnellis
2052 2101 2245 2176 Ι116661666)
2273 2103 2367 2162 Aroh.

869 2183 936 2240 Lat.
959 2187 1030 2240 tom.
1053 2181 1089 2238 43
1110 2181 1132 2240 f.
1154 2181 1250 2252 2166
1272 2199 1353 2256 seqq.

811 2257 937 2330 (11460)
959 2261 997 2318 M.
1019 2259 1051 2318 P.
1095 2257 1310 2330 „intendentes
1332 2277 1398 2334 eos,
1421 2259 1473 2334 qui
1493 2257 1656 2318 virtutibus
1679 2261 1708 2318 st
1728 2257 1907 2332 praesertim
1928 2255 2046 2314 liberali
2067 2255 2168 2314 studio
2189 2255 2364 2314 incumbere

869 2337 996 2414 cupiunt
1016 2335 1133 2412 gratiis,
1153 2335 1309 2394 favoribus
1331 2339 1361 2394 et
1379 2337 1501 2394 auxiliis
1515 2329 1668 2412 prosequi',
1690 2353 1818 2410 cumque
1832 2333 1922 2392 Vitus
1937 2333 2094 2392 Modestus
2114 2333 2188 2392 alias
2203 2333 2364 2390 Hebraeus

867 2415 930 2490 jam
952 2419 1034 2474 certo
1055 2417 1191 2488 tempore
1218 2413 1400 2472 christianus
1429 2413 1557 2472 61166666
1578 2431 1768 2490 summopere
1794 2411 1947 2470 affectet.
1970 2457 1976 2470 .
2000 2455 2006 2468 .
2027 2411 2123 2468 literis
2147 2397 2271 2486 opdram
2293 2411 2366 2468 dare

869 2493 961 2564 velle,
983 2495 1018 2550 ut
1039 2507 1074 2546 co
1097 2489 1207 2548 clarius
1235 2495 1266 2548 et
1287 2491 1446 2550 dilucidius
1467 2491 1632 2550 christiana
1652 2491 1725 2548 11666
1753 2489 1831 2548 eiin
1852 2489 1950 2546 16666
1972 2489 2128 2562 deveniat,
2160 2489 2241 2564 quod
2263 2493 2366 2546 tamen

869 2573 993 2644 propter
1015 2567 1167 2640 ejusdem,
1192 2569 1242 2642 661
1264 2569 1362 2626 66616
1383 2569 1463 2628 6666
1484 2587 1539 2626 666
1558 2567 1680 2642 judaica
1702 2567 1872 2642 dereliquit,
1895 2569 2107 2642 paupertatem
2128 2567 2228 2624 facere
2249 2567 2366 2640 nequit,

868 2647 936 2704 ideo
1031 2645 1111 2702 dicto
1133 2645 1170 2702 V.
1185 2645 1323 2704 Modesto
1344 2651 1407 2704 tam
1427 2663 1481 2720 pro
1497 2645 1564 2720 ejus
1585 2645 1735 2704 alimentis
1757 2646 1787 2702 et
1801 2645 2023 2703 sustentatione
2045 2663 2135 2718 qnam
2157 2643 2367 2702 satisfactione

869 2725 1098 2798 magistrorum,
1121 2723 1172 2798 qui
1193 2741 1263 2780 eum
1283 2723 1449 2798 docebunt,
1472 2723 1685 2782 constituimus
1707 2727 1737 2780 et
1757 2723 1939 2796 deputamus
1962 2723 2163 2796 quantitatem
2186 2721 2367 2778 ducatorum

868 2801 935 2860 auri
963 2801 999 2858 de
1027 2799 1098 2858 (1.4
1125 2799 1251 2874 singulis
1279 2799 1431 2858 66661666
1457 2819 1512 2872 per
1542 2819 1638 2858 annos
1669 2819 1722 2858 sex
1749 2799 1889 2874 proxime
1915 2799 2043 2856 futuros.
2085 2795 2281 2856 Mandantes“
2309 2801 2367 2856 etc.

868 2879 1013 2936 Archivio
1034 2877 1146 2934 storico
1167 2877 1230 2934 ital.
1253 2877 1281 2934 6.
1303 2877 1362 2936 ΙΙΙ.
1383 2881 1404 2936 t.
1426 2879 1484 2934 ΙΙΙ.
1505 2877 1539 2932 Ρ.
1566 2879 1578 2934 l
1601 2897 1629 2950 p.
1647 2879 1702 2934 216
1726 2873 1760 2946 (6.
1777 2874 1818 2947 d.)
1830 2873 1851 2932 ¹.

811 2951 937 3028 (11461)
959 2953 1101 3012 Andreae
1121 2953 1268 3012 Matthaei
1292 2953 1329 3012 de
1350 2952 1464 3012 Albicis
1492 2953 1621 3010 cubicul.
1644 2971 1697 3010 sno
1724 2957 1754 3008 et
1775 2951 1902 3026 0661666
1924 2951 2069 3008 Verrucio
2097 2969 2202 3008 canon.
2224 2951 2367 3026 Nepesin.

869 3035 900 3090 et
921 3049 1026 3090 eorum
1046 3029 1170 3104 collegis
1193 3035 1223 3088 et
1238 3029 1410 3090 substitutis
1431 3031 1469 3088 ad
1488 3031 1734 3104 prosecutionem
1754 3029 1936 3088 inventionis
1958 3033 1988 3086 66
2003 3029 2170 3088 exactionis
2191 3029 2368 3086 relictorum

869 3109 908 3166 ad
929 3109 993 3182 pias
1010 3125 1116 3166 causas
1130 3107 1281 3164 factorum
1297 3111 1327 3164 et
1340 3107 1468 3164 aliorum
1482 3107 1617 3166 fabricae
1631 3107 1761 3180 Princip.
1775 3105 1883 3180 Apost.
1899 3107 1935 3164 66
1949 3105 2033 3164 Urbe
2049 3125 2103 3182 per
2117 3105 2232 3164 Julium
2249 3107 2309 3162 ΡΡ.
2325 3105 2367 3164 ΙΙ.
2422 3169 2426 3182 Ι

870 3187 1092 3260 applicatorum
1112 3185 1275 3242 facultates
1297 3185 1449 3258 extendit,
1477 3185 1566 3242 etiam
1589 3185 1690 3258 quoad
1718 3183 1844 3256 cogendi
1864 3185 1925 3242 rim
1946 3187 1976 3240 et
1996 3185 2184 3256 punitionem
2212 3183 2367 3240 hominum

869 3263 1073 3338 culpabilium.
1116 3261 1313 3334 „Accepimus
1333 3279 1386 3320 ros
1406 3263 1437 3318 in
1457 3257 1688 3334 666666661666ιι
1712 3257 1837 3332 (66661.)
1859 3259 1947 3316 Brer.
1970 3261 2076 3318 tonn2
2097 3281 2127 3318 n.
2149 3263 2220 3334 4863
2243 3263 2315 3318 tom.
2330 3261 2368 3316 30

867 3339 888 3398 1.
909 3341 925 3398 2
947 3359 975 3414 p.
998 3341 1064 3398 662.
1104 3339 1159 3396 116.
1187 3339 1218 3396 16
1238 3339 1332 3396 libro:
1361 3337 1539 3412 Pririlegia,
1570 3337 1825 3396 auctoritates..
1849 3337 2009 3396 .fabricae
2032 3337 2369 3412 basil.Princ.Apost.

869 3417 897 3476 6.
919 3417 1002 3474 Petri
1025 3417 1061 3472 de
1081 3413 1173 3488 Urbe,
1196 3415 1309 3472 Romae
1332 3415 1447 3472 15591.
1471 3415 1674 3488 14,6-16,6.

811 3491 937 3566 (11462)
959 3495 1037 3566 Mag.
1059 3491 1174 3550 Jacobo
1197 3491 1349 3548 61666616
1377 3509 1482 3550 canon.
1505 3491 1576 3548 6661.
1600 3491 1627 3548 6.
1649 3489 1797 3548 Johannis
1820 3489 2252 3548 6616666661616661616666.
2274 3491 2370 3548 dioec.

870 3575 901 3628 et
920 3569 957 3626 U.
972 3571 1001 3628 1.
1021 3569 1140 3702 6666661
1160 3587 1195 3626 66
1215 3569 1420 3628 referendario
1442 3587 1497 3628 suo
1517 3569 1671 3626 indultum
1691 3569 1772 3626 circa
1787 3567 1981 3624 residentiam
2002 3567 2149 3626 concedit.
2185 3567 2220 3626 6.
2237 3567 2274 3626 D.
2291 3571 2322 3626 et
2336 3567 2370 3626 F.

812 3721 939 3796 (11463)
960 3721 1089 3782 Ricardo
1116 3723 1293 3780 Bromef'eld
1319 3723 1463 3796 magistro
1493 3723 1599 3778 domus
1628 3739 1681 3780 seu
1708 3719 1867 3796 hospitalis
1895 3719 1923 3778 6.
1946 3719 2016 3778 Joh.
2038 3719 2126 3794 Bapt.
2153 3721 2185 3778 16
2213 3721 2371 3778 1166661611

851 3801 942 3876 'Pytt
963 3801 1062 3860 Villae
1083 3799 1238 3856 Bristollie
1260 3799 1294 3856 Ο.
1317 3799 1344 3858 6.
1367 3799 1402 3856 Α.
1424 3799 1604 3856 Bathonien.
1628 3803 1657 3856 et
1677 3797 1805 3856 Wellen.
1828 3797 1938 3872 61666.,
1967 3797 2019 3872 661
2039 3797 2181 3856 vicariam
2210 3817 2274 3872 par.
2295 3799 2367 3856 eccl.

870 3877 1009 3936 Omnium
1025 3875 1074 3934 66.
1091 3877 1189 3934 616666
1203 3877 1303 3936 Villae
1317 3875 1502 3950 Wigornien.
1519 3875 1623 3950 61666.,
1646 3881 1807 3950 66666666
1825 3893 1892 3932 666
1908 3893 1942 3932 eo
1958 3875 2144 3932 sufficienter
2159 3875 2368 3950 dispensatum

869 3957 960 4028 esset,
982 3957 1139 4012 assecutus
1160 3959 1222 4026 est,
1253 3971 1370 4012 omnem
1391 3953 1540 4010 maculam
1568 3957 1599 4010 et
1619 3957 1722 4010 notam
1742 3953 1977 4028 praemissorum
1997 3953 2157 4012 occasione
2178 3957 2367 4012 contractam

869 4031 971 4090 abolet
992 4031 1080 4106 61666
1100 4031 1248 4106 indulget,
1269 4035 1305 4088 ut
1325 4031 1446 4088 domum
1466 4033 1497 4088 et
1516 4031 1662 4088 vicariam
1682 4031 1828 4106 praedict.
1850 4031 1983 4088 retinere
2003 4029 2114 4088 valeat.
2157 4031 2267 4104 „Sedes
2286 4031 2367 4106 Apo-

875 4109 983 4166 stoliea
1003 4109 1053 4184 pia
1074 4103 1188 4166 mater“
1211 4109 1245 4164 L.
1268 4125 1292 4164 6.
1312 4107 1333 4164 f.
1355 4109 1419 4166 206.

810 4182 935 4258 (11464)
958 4185 1123 4244 (1161116666
1145 4185 1253 4242 Fortia
1273 4185 1350 4258 Mag.
1365 4183 1449 4240 Petri
1461 4181 1616 4242 Lamberti
1637 4184 1743 4256 11666,
1765 4183 1888 4240 abbrev.
1903 4181 2046 4240 familiari
2067 4183 2184 4242 confert
2207 4183 2364 4242 ecclesiam

867 4281 930 4338 par.
953 4261 981 4320 6.
1002 4263 1119 4322 Jacutti
1139 4261 1277 4320 Briooen.
1301 4261 1395 4318 dioec.
1439 4259 1546 4334 „Vitae
1567 4279 1602 4318 66
1623 4255 1756 4318 66666α
1779 4261 1813 4316 L.
1838 4261 1913 4316 1020
1932 4259 1953 4318 f.
1977 4259 2040 4316 156.

811 4337 936 4412 (11465)
959 4339 1071 4416 6616166
1093 4339 1236 4398 Trochcti
1264 4339 1381 4396 confert
1409 4337 1543 4394 canonic.
1566 4341 1597 4396 et
1616 4339 1770 4412 praeb.⁸et
1793 4337 2039 4412 Praeposituram
2064 4337 2136 4394 ecel.
2159 4333 2187 4394 6.
2209 4335 2366 4396 Saturnini

868 4417 1002 4476 Vabren.
1024 4417 1118 4474 dioec.
1141 4417 1226 4476 obitu
1247 4415 1317 4474 Joh.
1337 4415 1487 4474 Bauderie
1507 4433 1572 4472 rae.
1616 4415 1722 4490 „Vitae
1743 4433 1777 4472 ao
1798 4409 1932 4472 morum“
1966 4413 2092 4490 (bivang.
2112 4413 2219 4484 10666.
2241 4433 2271 4490 p.
2291 4415 2364 4472 fam.

868 4493 903 4552 R.
924 4493 961 4552 D.
983 4493 1142 4552 Vicecanc.
1183 4493 1297 4552 Balbus
1316 4491 1320 4560 )
1336 4493 1488 4552 Marciani.
1529 4489 1605 4550 Ooll.
1627 4489 1743 4562 Attav.)
1763 4491 1798 4548 L.
1821 4491 1937 4550 10241.
1961 4493 2025 4550 112.

812 4569 939 4644 (11466)
960 4571 1101 4628 Lucerin.
1129 4573 1159 4628 et
1179 4569 1424 4628 Halberstadien.
1451 4587 1487 4626 66
1515 4567 1737 4642 Harelbergen.
1767 4569 1914 4644 episcopis
1941 4565 2080 4640 666666,
2110 4571 2145 4626 66
2165 4567 2296 4626 Bussoni
2327 4569 2364 4626 66

868 4647 1073 4706 Alrensleben
1094 4647 1164 4704 cler.
1179 4645 1422 4706 Halberstadien.
1442 4645 1536 4704 dioec.
1558 4647 1767 4704 canonicatum
1789 4649 1820 4702 et
1839 4647 1940 4720 praeb.
1963 4645 2034 4704 6661.
2048 4645 2202 4704 Halberst.
2224 4645 2362 4704 conferre

871 4727 987 4782 curent.
1031 4719 1360 4856 ,1166666616661
1390 4721 1516 4796 (Mrang.
1541 4721 1545 4796 Ι
1571 4721 1656 4780 [irat.
1678 4721 1835 4780 666666.
1856 4721 1885 4782 6.
1905 4723 1941 4780 D.
1976 4721 2245 4794 666616.)(1616.
2287 4720 2363 4782 0011.

870 4801 975 4858 Attav.
1010 4801 1044 4858 L.
1068 4801 1140 4858 1019
1177 4801 1270 4856 .22.

811 4877 938 4952 (11461)
959 4799 1098 4952 1311111666
1120 4875 1259 4934 (lalliaco
1287 4875 1404 4934 confert
1426 4875 1582 4934 eeclesiam
1606 4895 1668 4952 par.
1690 4875 1719 4934 6.
1739 4875 1878 4934 Bassiani
1900 4877 1935 4934 66
1956 4877 2088 4950 Lirraga
2108 4875 2244 4934 Lauden.
2266 4875 2362 4934 61666.

869 4957 906 5014 66
927 4955 1053 5012 Erasmo
1076 4953 1215 5012 66111666
1236 4955 1428 5028 resignatam.
1470 4953 1578 5028 „Vitae
1599 4973 1633 5012 66
1655 4949 1788 5010 666661
1811 4953 1846 5012 L.
1869 4953 1943 5010 1023
1964 4955 1983 5012 f.
2006 4955 2052 5012 64.

811 5029 936 5105 (11468)
959 5031 1090 5090 Antonio
1106 5029 1287 5088 Vulteriano
1310 5031 1379 5090 cler.
1394 5029 1563 5090 Vercelleu.
1587 5031 1680 5090 dioec.
1702 5031 1876 5106 pensionem
1898 5049 1935 5088 en
1955 5028 2125 5090 Vercelleu.
2147 5047 2183 5086 66
2198 5027 2362 5088 Novarien.

868 5111 961 5168 dioec.
983 5107 1126 5180 assignat.
1170 5105 1277 5178 „Vitae
1298 5127 1332 5166 ac
1353 5105 1485 5166 morum“
1509 5109 1543 5168 L.
1567 5109 1639 5168 1091
1662 5107 1683 5166 1.
1705 5109 1751 5164 80.

810 5183 1109 5258 (11469)111116166
1139 5183 1257 5242 Barker
1283 5189 1398 5260 perpet.
1420 5187 1532 5244 vicario
1559 5185 1680 5262 paroch.
1710 5183 1855 5242 ecclesiae
1883 5185 1920 5240 de
1940 5183 2046 5258 Boney
2073 5183 2240 5240 Mboraoen.
2266 5183 2358 5240 dioec.

868 5261 1123 5398 indultumfcircq
1140 5261 1286 5320 beneficia
1306 5281 1324 5320 6
1341 5263 1424 5322 Julic
1439 5263 1497 5320 ΡΡ.
1512 5263 1554 5320 ΙΙ.
1575 5261 1633 5340 1661
1648 5279 1822 5320 666666666
1844 5261 2009 5318 confirmat.
2039 5261 2204 5338 ,11166666
2223 5255 2358 5318 morum“

799 5415 936 5488 (11410)
958 5417 1035 5494 Mag.
1057 5417 1209 5474 Mercurio
1237 5417 1273 5474 de
1293 5417 1404 5492 Vipera
1433 5435 1548 5476 causer.
1575 5417 1608 5474 P.
1630 5415 1667 5476 A.
1688 5413 1821 5474 auditori
1841 5413 1980 5490 mandat,
2010 5417 2045 5472 ut
2065 5415 2142 5488 Mag.
2165 5411 2357 5472 Fordinando

914 5589 923 5624 1
942 5591 1134 5656 Supplevimus
1154 5587 1207 5638 666.
1227 5603 1261 5638 ex
1277 5587 1296 5638 1.
1315 5589 1419 5640 Introit.
1439 5593 1464 5638 ot
1483 5591 1548 5640 exit.
1569 5587 1620 5638 562
1643 5587 1662 5638 f.
1678 5587 1736 5648 116,
1754 5585 1804 5636 661
1821 5587 1913 5650 vigore
1931 5585 2050 5636 mandati
2069 5585 2091 5636 6.
2107 5585 2181 5652 6666.
2201 5585 2295 5636 eodem
2314 5587 2358 5638 616

812 5659 876 5712 Vito
897 5661 962 5710 olim
979 5661 1102 5712 Hebraeo
1121 5657 1218 5708 4666.
1237 5657 1320 5708 661661
1337 5657 1494 5710 referuntur.

2094 5735 2152 5792 891
