5426 6726
865 379 1003 454 ANNO
1032 379 1188 454 PRIMO
1214 377 1377 452 MENSE
1404 377 1700 454 RRRRUARIO.
1759 379 1776 452 1
1810 377 1869 452 14.

800 625 916 708 1514.

858 773 889 830 et
910 771 996 830 Offic.
1019 771 1177 846 Segobicn.
1220 769 1334 842 „Hodie
1356 767 1406 826 dil.
1427 767 1488 826 filio
1511 767 1641 844 (Oarrot.
1660 765 1664 846 Ι
1683 771 1768 830 (irat.
1787 789 1816 850 p.
1837 771 1908 830 fam.
1929 769 2034 846 script.
2053 767 2087 830 P.
2109 767 2146 828 66
2163 765 2252 828 Aere.
2274 767 2349 830 0611.

857 849 891 908 P.
914 849 951 908 dc
970 847 1080 920 Roma)
1100 849 1135 908 L.
1157 849 1232 908 1205
1253 849 1272 908 f.
1296 849 1368 920 761;
1387 845 1410 906 1.
1431 849 1497 906 763.

399 921 442 976 ll·
462 919 552 978 Febr·
620 919 733 976 Romae
800 925 901 1002 (6771)
923 927 982 984 Pro
1003 931 1090 1002 parte
1105 927 1216 986 Jacobi
1235 927 1325 1002 episc.
1341 925 1575 1000 Olaromonten,
1597 923 1650 1000 qui
1663 927 1878 986 monasterium
1892 925 2029 988 0166166.
2042 925 2241 984 Μ661666666.
2255 923 2349 984 61666.

414 995 532 1062 (111.1d.
638 995 718 1070 apud
857 1005 888 1062 in
910 1005 1034 1064 titulum
1055 1023 1109 1062 seu
1131 1005 1336 1062 commendam
1352 1005 1467 1062 obtinet
1488 1007 1518 1062 et
1534 1005 1666 1078 exponit,
1688 1005 1768 1078 quod
1782 1005 1875 1064 abbas
1895 1005 2109 1066 dictimonast.
2130 1023 2159 1080 p.
2173 1005 2194 1062 t.
2216 1001 2349 1062 existens

426 1065 519 1132 Febr)
590 1073 618 1132 S·
638 1073 761 1130 Petrum
857 1083 976 1142 ratione
998 1083 1163 1142 decanatus
1184 1083 1295 1140 ruralis
1315 1081 1343 1140 6.
1365 1081 1491 1140 066666
1510 1099 1605 1158 66666
1625 1085 1657 1140 66
1677 1085 1763 1140 extra
1786 1101 1887 1142 muros
1909 1083 2083 1142 Oabilonen.
2105 1081 2200 1140 eidem
2220 1083 2349 1140 monast.

857 1163 1006 1236 perpetuo
1028 1161 1107 1218 uniti
1126 1179 1217 1220 verns
1238 1163 1268 1218 et
1288 1161 1395 1218 unicus
1415 1163 1562 1236 patronus
1582 1179 1646 1236 par.
1667 1159 1810 1218 ecclesiae
1832 1161 1860 1220 6.
1877 1161 2025 1220 [iohannis
2045 1161 2082 1220 66
2102 1159 2208 1220 Veteri
2221 1159 2348 1218 Macello

858 1237 1035 1296 Oabilonen.
1064 1239 1158 1298 dioec.
1187 1237 1299 1296 existat
1328 1241 1359 1296 et
1384 1241 1548 1314 propterea
1571 1239 1670 1296 media
1690 1257 1759 1314 pars
1777 1237 1893 1312 jurium
1920 1239 2162 1314 sepulturarum,
2190 1239 2347 1310 lectorum,

857 1316 1067 1374 linteaminum
1089 1321 1120 1374 et
1148 1333 1304 1374 cereorum
1323 1317 1575 1390 parochianorum
1597 1317 1695 1374 diotae
1716 1315 1786 1374 eccl.
1806 1335 1836 1392 p.
1852 1319 1873 1374 6.
1896 1317 2103 1374 decedentium
2125 1319 2155 1374 66
2177 1335 2247 1392 6666
2268 1315 2350 1374 obla·

857 1397 960 1452 torum
979 1393 1011 1452 in
1033 1395 1098 1452 ead.
1120 1395 1193 1454 eccl.
1214 1395 1254 1452 ad
1274 1413 1342 1452 eum
1362 1395 1512 1470 pertineat
1535 1397 1565 1452 et
1584 1395 1649 1470 ipse
1668 1395 1743 1452 haec
1764 1413 1881 1470 semper
1900 1393 2047 1452 hactenus
2068 1395 2247 1472 perceperit,
2269 1393 2350 1470 quod

857 1477 960 1530 autem
981 1473 1091 1530 Petrus
1111 1473 1238 1530 Billardi
1265 1491 1320 1548 pro
1346 1473 1457 1532 vicario
1478 1473 1633 1549 praefatae
1655 1473 1726 1530 eccl.
1748 1491 1906 1548 segerens
1928 1473 2067 1532 abbatem
2087 1473 2247 1548 impediat,
2278 1491 2351 1548 quo-

857 1551 956 1610 minus
983 1569 1038 1626 per
1059 1569 1091 1608 se
1112 1553 1165 1610 ant
1193 1553 1407 1626 procuratores
1428 1569 1498 1610 suos
1518 1551 1684 1626 praemissa
1704 1551 1865 1626 percipiat,
1895 1569 1930 1608 ac
1950 1569 2058 1626 graves
2078 1551 2234 1608 molestias
2254 1549 2351 1608 eidem

857 1629 975 1688 Jacobo
995 1629 1126 1704 irroget,
1153 1629 1279 1686 mandat
1301 1629 1413 1688 decano
1436 1633 1465 1686 et
1485 1629 1647 1686 archidiac.
1668 1629 1739 1686 eccl.
1760 1629 1957 1686 Matisoouen.
1986 1631 2016 1686 66
2036 1627 2123 1686 0166.
2142 1629 2349 1700 1166666666,

857 1711 893 1766 66
919 1707 1035 1764 vocatis
1062 1707 1206 1764 vocandis
1234 1709 1264 1764 et
1291 1707 1401 1764 auditis
1427 1707 1497 1764 hinc
1524 1707 1594 1764 inde
1620 1707 1781 1782 propositis
1809 1705 1890 1782 quod
1913 1705 2031 1780 justum
2057 1705 2150 1764 fuerit
2178 1705 2349 1764 decernant.

860 1783 1051 1856 ,Humilibus
1073 1785 1240 1860 supplicum
1260 1779 1357 1842 votis“
1379 1783 1546 1854 (Lambert.
1565 1783 1569 1854 Ι
1586 1781 1751 1856 Nardinus)
1773 1781 1863 1842 Arcb.
1884 1785 1953 1842 Lat.
1972 1785 2031 1842 vol.
2054 1783 2088 1842 [1.
2110 1783 2132 1842 f.
2152 1783 2257 1858 asab.

800 1859 1020 1934 (6772-6773)
1040 1863 1206 1920 Beltrando
1228 1863 1367 1920 Falconis
1388 1861 1460 1920 Ord.
1480 1863 1552 1920 Min.
1580 1863 1743 1938 professori
1770 1865 1800 1920 et
1820 1863 1935 1920 Licent.
1963 1863 1994 1920 in
2024 1861 2115 1920 theol.
2135 1865 2251 1938 perpet.
2272 1863 2351 1920 vica-

857 1941 935 1998 riam
948 1959 1014 2016 par.
1028 1939 1101 1998 eccl.
1116 1939 1144 1998 6.
1159 1941 1179 1998 J
1181 1941 1308 1998 ohannis
1329 1939 1485 1998 66061666
1500 1941 1654 1998 Mimaten.
1669 1941 1795 1998 616666
1808 1939 2041 2014 Hermengaudo
2057 1937 2198 1996 Falconis
2217 1939 2351 2014 resigna-

858 2021 921 2076 tam
950 2017 1076 2076 confert.
1120 2017 1301 2092 „Religionis
1327 2013 1437 2076 zelus.“
1478 2017 1628 2092 Episcopo
1656 2017 1836 2076 0666111666.
1865 2035 1900 2076 66
1927 2017 2115 2076 Officialibus
2140 2015 2294 2076 Mimaten.
2321 2023 2352 2076 et

858 2095 1050 2170 Magalcnen.
1077 2095 1287 2154 executionem
1315 2095 1485 2154 demandat.
1529 2095 1643 2166 ,Hodie
1670 2095 1721 2154 dil.
1745 2089 1824 2154 61116ιι
1856 2091 1906 2168 (A.
1933 2093 1971 2154 66
1996 2093 2026 2154 6.
2052 2093 2205 2154 66666166.
2233 2097 2289 2154 Ph.
2318 2097 2355 2154 de

860 2173 999 2250 Agnellis
1016 2169 1205 2244 ΙΝ6661666)
1227 2171 1320 2230 Aroh.
1340 2173 1408 2232 Lat.
1430 2175 1502 2232 torn.
1523 2175 1561 2230 33
1581 2173 1603 2232 1.
1625 2173 1700 2248 1223
1719 2175 1741 2232 f.
1764 2173 1865 2244 123‚b.

803 2249 1022 2324 (6774-6775)
1042 2251 1167 2326 Hngoni
1187 2250 1311 2310 Parcilii
1336 2249 1401 2324 jun.
1424 2251 1543 2310 confert
1570 2251 1780 2310 canonicatum
1807 2253 1838 2310 et
1856 2251 1962 2326 praeb.
1983 2251 2055 2310 eccl.
2075 2249 2105 2310 6.
2127 2249 2267 2310 Andreae
2288 2251 2364 2310 (sra-

860 2329 1074 2406 tianopolitan.
1102 2331 1249 2388 vacantes
1276 2329 1482 2404 resignatione
1510 2327 1651 2400 Hugonis
1676 2327 1800 2388 Rarcilii
1831 2347 1911 2402 sem,
1941 2325 2031 2402 cujus
2055 2329 2148 2404 Hugo
2176 2327 2243 2400 jun.
2271 2347 2367 2404 nepos

863 2407 976 2466 existit.
1007 2405 1116 2482 ,Vitae
1137 2425 1173 2464 ac
1192 2403 1338 2466 morum.“
1369 2405 1494 2466 Oantcri
1514 2405 1587 2464 eccl.
1610 2405 1883 2482 Gratianopolitan.
1904 2425 1941 2466 ac
1960 2405 2148 2465 officialibus
2169 2405 2372 2480 Gratianopo-

860 2486 948 2544 litan.
975 2487 1007 2542 66
1033 2483 1213 2558 Lugdunen.
1243 2485 1452 2542 executionem
1478 2485 1649 2542 committit.
1691 2485 1806 2556 ,Hodie
1835 2483 1885 2544 dil.
1914 2479 1997 2543 filio“
2021 2483 2078 2558 (De
2099 2481 2247 2558 Agnellis.
2274 2485 2311 2544 G.
2333 2485 2370 2544 de

861 2565 956 2620 Prato
972 2559 978 2634 Ι
996 2559 1153 2634 66666166)
1175 2559 1269 2620 Arch.
1290 2561 1359 2622 Lat.
1380 2565 1452 2620 torn.
1474 2565 1510 2618 29
1533 2563 1554 2620 1.
1575 2563 1628 2638 84;
1649 2561 1670 2622 f.
1691 2563 1738 2622 85.

806 2637 1173 2712 (6776-6777)17166166
1195 2639 1353 2714 Ocnguart
1379 2641 1479 2714 presb.
1504 2657 1569 2714 par.
1591 2639 1749 2698 ecclesiam
1770 2639 1798 2700 6.
1819 2637 1944 2698 Martini
1973 2639 2010 2698 de
2030 2639 2147 2696 Boneto
2168 2639 2370 2700 Silvanecten.

863 2717 958 2776 dioec.
987 2715 1194 2790 resignatione
1220 2717 1380 2790 Hugoucri
1405 2717 1518 2774 Denise
1545 2735 1610 2778 vac.
1639 2717 1767 2776 confert.
1809 2717 1917 2790 ,Vitae
1949 2735 1984 2776 ac
2009 2711 2156 2774 666666.ιι
2198 2717 2370 2778 Archidiac.

740 2805 741 2810 ’
803 2829 807 2838 ·
863 2795 901 2854 de
929 2793 1092 2852 0666661161
1121 2795 1245 2868 majoris
1273 2799 1305 2852 et
1332 2795 1446 2852 666666
1473 2793 1501 2852 6.
1523 2793 1608 2852 Petri
1628 2793 1833 2854 1166666666.
1860 2799 1892 2854 66
1919 2795 2067 2854 Gervasio
2095 2793 2236 2854 Gorbean
2266 2813 2373 2856 canon.

861 2873 1011 2930 Morincn.
1039 2871 1236 2930 ecclesiarum
1264 2871 1475 2930 executionem
1502 2871 1674 2930 demandat.
1718 2871 1833 2946 ,Hodie
1862 2871 1913 2932 dil.
1941 2867 2022 2928 filici
2048 2871 2192 2946 (Benzon.
2222 2873 2374 2948 Bregcon.

868 2947 1029 3020 ΙΝ66616.)
1052 2947 1146 3006 Arch.
1166 2949 1236 3006 Lat.
1257 2953 1329 3006 tom.
1351 2951 1386 3006 21
1409 2949 1430 3006 1.
1454 2949 1548 3022 104,b
1571 2967 1632 3024 seq.

804 3025 905 3100 (6778)
927 3027 1167 3102 Archiepiscopc
1181 3025 1374 3102 Neapolitan.
1388 3029 1419 3084 et
1434 3025 1622 3084 Officialibns
1635 3027 1746 3084 Meten.
1763 3029 1793 3084 66
1806 3023 2007 3100 Argentinen.
2021 3027 2155 3102 mandat,
2174 3029 2208 3084 66
2222 3027 2372 3102 Gregorio

863 3105 981 3180 Angelo
998 3105 1069 3162 cler.
1083 3103 1255 3178 Augusten.
1269 3105 1363 3162 famil.
1385 3123 1440 3162 suo
1454 3123 1520 3178 par.
1538 3103 1696 3162 ecclesiam
1710 3103 1810 3160 Villae
1825 3105 1855 3160 in
1869 3103 2029 3162 Rodalben
2043 3103 2155 3162 Meter.
2171 3105 2265 3162 dioec.
2286 3105 2373 3164 obitu

863 3183 982 3240 Nicolai
993 3179 1230 3240 Oulmannivac.
1246 3183 1275 3238 et
1290 3181 1489 3258 capellaniam
1502 3181 1534 3238 in
1548 3201 1612 3252 par.
1628 3181 1701 3240 eccl.
1716 3181 1744 3240 6.
1754 3181 1878 3238 Martini
1887 3179 2088 3252 Argentinen.
2103 3183 2244 3240 conferre
2254 3187 2372 3240 curent.

864 3259 945 3318 eu.
961 3257 1131 3330 (Armellin.
1148 3257 1153 3320 Ι
1174 3259 1260 3318 arar.
1271 3259 1308 3318 de
1322 3261 1422 3318 mand.
1438 3259 1530 3318 Suae.
1544 3259 1648 3318 Baena
1664 3259 1668 3326 Ι
1688 3257 1830 3318 Valtrini.
1846 3255 1921 3318 (toll.
1929 3257 2082 3332 Donatus)
2097 3261 2133 3318 L.
2144 3261 2219 3318 1003
2234 3261 2256 3318 f.
2267 3261 2371 3334 323,b.

805 3335 906 3410 (6779)
929 3337 1117 3394 Officialibus
1131 3337 1356 3394 Hildeshemen.
1378 3341 1409 3396 et
1428 3337 1574 3396 Lubicen.
1596 3339 1626 3396 et
1645 3335 1776 3394 Verden.
1796 3337 1932 3406 mandat,
1954 3339 1989 3394 ut
2009 3339 2091 3396 bona
2111 3341 2142 3396 et
2160 3337 2233 3412 jura
2253 3343 2371 3412 perpet.

863 3415 1047 3472 vicariorum
1062 3415 1260 3472 ecclesiarum
1279 3415 1380 3488 oppidi
1394 3415 1602 3488 Hambnrgen.
1615 3411 1756 3472 Bremen.
1771 3413 1866 3474 dioec.
1881 3413 2056 3472 defendant.
2093 3413 2254 3486 „Militanti
2267 3415 2373 3474 Eccle-

863 3487 944 3550 siae“
967 3489 1162 3564 (Lambertns
1181 3489 1185 3564 Ι
1204 3489 1380 3566 Campania)
1402 3491 1494 3548 Arch.
1516 3491 1584 3550 Lat.
1606 3495 1678 3550 tom.
1700 3493 1737 3548 22
1758 3491 1779 3548 f.
1802 3493 1829 3548 1.

806 3567 906 3642 (6780)
928 3569 1044 3628 Jacobo
1066 3569 1103 3626 66
1124 3567 1295 3626 Ronchinol
1316 3567 1466 3626 Sacristae
1487 3569 1664 3626 monasterii
1685 3567 2196 3628 1116616666.1166166666661666.
2217 3567 2371 3628 indultum

862 3647 943 3704 circa
969 3645 1117 3704 beneficia
1142 3645 1200 3716 ipsi
1229 3663 1405 3702 concessum
1432 3645 1605 3720 amplificat.
1650 3645 1833 3720 „Religionis
1859 3643 1961 3704 66166*ι
1986 3645 2181 3720 (Lambertns
2202 3645 2208 3714 Ι
2229 3645 2370 3720 1766616.)

863 3723 956 3782 Arch.
977 3723 1045 3780 Lat.
1066 3723 1125 3782 vol.
1148 3723 1184 3780 6.
1205 3723 1227 3780 1.
1248 3723 1355 3792 caah.

776 3827 779 3832 ·
797 3797 907 3874 (6761)
928 3801 1062 3858 Α666616
1084 3799 1225 3876 66166666
1239 3797 1422 3858 Auximano.
1445 3797 1548 3858 Sixtus
1562 3801 1616 3858 IV.
1634 3799 1851 3858 monasterium
1866 3799 1895 3858 6.
1909 3799 2029 3858 Nicolai
2049 3801 2214 3860 Auximan.
2230 3799 2265 3858 Ο.
2279 3799 2309 3858 6.
2323 3801 2368 3872 Β.,

865 3879 947 3954 quod
967 3881 1041 3936 6666
1061 3877 1182 3936 Marcus
1204 3877 1295 3948 episc.
1316 3877 1504 3936 Praenestin.
1526 3877 1557 3934 in
1579 3879 1785 3936 commendam
1806 3879 1982 3950 obtinebat,
2007 3881 2037 3936 66
2058 3883 2251 3950 conventum,
2274 3879 2370 3936 eccle·

863 3957 939 4028 sias,
968 3957 1116 4030 capellas,
1143 3953 1305 4026 beneficia,
1334 3957 1416 4026 loca,
1445 3955 1596 4026 membra,
1623 3955 1803 4028 monachos,
1832 3956 2022 4030 capellanos,
2052 3957 2176 4014 colonos
2197 3957 2228 4014 et
2248 3955 2368 4014 labora·

863 4035 945 4090 tores
973 4053 1042 4092 cum
1068 4031 1311 4106 possessionibus
1339 4035 1369 4090 et
1394 4029 1515 4106 juribus
1546 4033 1600 4090 snb
1628 4031 1663 4090 B.
1691 4033 1774 4090 Petri
1802 4035 1833 4090 66
1853 4033 1882 4092 6.
1904 4031 1990 4090 66616
2018 4035 2238 4108 protectionem
2265 4051 2367 4090 snsce-

863 4113 951 4184 perat
981 4109 1173 4184 exemptione
1202 4127 1363 4178 concessa,
1395 4109 1539 4180 quamdiu
1569 4109 1650 4166 dicta
1679 4109 1856 4168 commenda
1886 4109 2030 4182 duraret,
2065 4113 2096 4168 66
2126 4109 2251 4176 661666,
2284 4109 2364 4166 61666

863 4187 1047 4246 monasterio
1067 4205 1191 4246 mensae
1212 4185 1375 4260 episcopali
1395 4185 1558 4244 Auximan.
1579 4191 1727 4264 perpetuo
1748 4187 1850 4260 unito,
1879 4187 2055 4244 Alexander
2071 4187 2125 4246 VI.
2147 4189 2178 4246 66
2198 4185 2300 4244 Julius
2320 4185 2364 4244 ΙΙ.

863 4265 1011 4324 6166117.
1031 4265 1136 4322 literas
1158 4269 1188 4322 66
1209 4265 1431 4338 exemptionem
1451 4265 1627 4340 hujusmodi
1648 4263 1686 4322 ad
1706 4265 1845 4322 Paridem
1872 4269 1947 4322 tunc
1976 4263 2066 4338 episc.
2087 4263 2250 4322 Auximan.
2273 4265 2362 4322 6666

862 4361 998 4400 mensam
1019 4343 1149 4416 episcop.
1170 4341 1332 4400 Auximon.
1360 4341 1557 4416 ejusdemque
1583 4361 1705 4400 mensae
1730 4341 1825 4414 bona,
1853 4341 1999 4414 vasallos,
2027 4341 2166 4400 subditos
2187 4347 2218 4400 66
2238 4341 2361 4398 colonos

814 4433 816 4440 '
861 4419 926 4478 vita
940 4419 1012 4476 dicti
1025 4419 1143 4476 Paridis
1159 4419 1248 4494 episc.
1264 4421 1392 4478 durante
1407 4419 1622 4494 extenderant3
1643 4419 1705 4478 Leo
1720 4419 1758 4478 X.
1771 4419 2040 4494 praedecessorum
2055 4419 2160 4476 literas
2174 4419 2205 4476 in
2220 4419 2359 4480 omnibns

863 4497 1108 4572 confirmaveram
1136 4497 1189 4554 sed
1211 4515 1279 4554 oum
1303 4497 1500 4554 6666661666
1522 4497 1684 4554 Auximan.
1712 4499 1914 4572 exponerent,
1944 4495 2025 4572 quod
2051 4496 2232 4566 familiares,
2259 4497 2359 4554 coloni

862 4577 892 4632 et
912 4573 1101 4632 laboratores
1123 4575 1195 4632 dicti
1217 4575 1357 4650 episcopi,
1379 4575 1451 4648 quia
1470 4593 1527 4644 pro
1549 4575 1663 4632 damnis
1685 4573 1762 4632 datis
1782 4573 1925 4648 impuniti
1944 4577 2147 4648 remanerent,
2168 4573 2304 4650 quotidie
2318 4573 2358 4632 ad

861 4651 967 4710 illicita
995 4653 1209 4710 committenda
1235 4653 1434 4726 promptiores
1461 4653 1584 4724 fierent,
1610 4669 1666 4726 per
1686 4651 1759 4710 61166
1786 4651 1890 4710 literas
1913 4651 2122 4724 ordinaverat,
2150 4655 2184 4710 ut
2205 4651 2304 4708 coloni
2326 4653 2356 4708 et

862 4729 1051 4788 laboratores
1072 4729 1145 4788 dicti
1166 4729 1298 4804 episcopi
1317 4743 1371 4804 pro
1392 4729 1545 4786 maleficiis
1568 4731 1597 4786 et
1619 4729 1734 4786 damnis
1756 4727 1833 4786 datis
1854 4729 1962 4804 poenis
1983 4729 2154 4786 statutariis
2174 4729 2269 4800 ipsius
2286 4729 2357 4786 civi·

863 4807 934 4864 tatis
956 4805 1149 4880 subjacerent
1170 4809 1200 4864 et
1221 4807 1258 4864 de
1279 4805 1416 4880 portione
1436 4805 1558 4880 frugum
1580 4805 1642 4864 vini
1662 4807 1693 4862 et
1713 4805 1772 4864 olei
1793 4807 1836 4864 eis
1857 4805 2055 4882 contingente
2074 4807 2217 4864 collectas
2238 4807 2355 4864 solvere

863 4885 1050 4942 tenerentur.
1085 4879 1221 4942 Antonio
1236 4883 1374 4958 episcopo
1389 4883 1536 4956 praefato,
1557 4883 1608 4958 qui
1631 4883 1785 4940 ecclesiam
1802 4883 1961 4942 Auximan.
1976 4887 2130 4942 vetustate
2145 4887 2355 4958 consumptam

863 4981 931 5018 cnm
950 4977 1012 5018 non
1025 4959 1170 5018 mediocri
1189 4961 1324 5034 impensa
1344 4979 1362 5018 a
1381 4961 1503 5018 biennio
1518 4977 1659 5036 reparare
1673 4961 1773 5036 coepit
1787 4965 1818 5018 et
1832 4963 1990 5018 continuat
2004 4965 2034 5018 et
2048 4959 2187 5018 Pontifici
2202 4961 2353 5034 exposuit,

865 5037 959 5112 quod,
989 5039 1014 5096 si
1035 5037 1225 5110 exemptione
1244 5037 1291 5096 uti
1310 5057 1370 5096 non
1391 5041 1510 5112 posset,
1538 5043 1660 5114 propter
1688 5039 1894 5114 intemperiem
1916 5039 1995 5096 66616
2015 5039 2046 5096 16
2066 5039 2109 5096 616
2129 5037 2203 5098 16616
2224 5037 2354 5112 vigentis

863 5115 985 5174 colonos
1000 5119 1031 5174 66
1042 5115 1231 5174 laboratores
1250 5133 1305 5190 pro
1327 5115 1567 5190 possessionibus
1588 5117 1650 5174 suis
1670 5133 1731 5174 non
1750 5117 1897 5192 reperiret
1919 5115 2058 5190 dictaque
2078 5115 2207 5174 ecclesia
2225 5133 2354 5190 magnae

862 5193 957 5268 partis
984 5193 1139 5250 fructuum
1167 5193 1392 5252 diminutionem
1421 5197 1593 5268 pateretur,
1625 5195 1860 5268 exemptionem,
1889 5193 2111 5252 immunitatem
2138 5197 2169 5250 66
2195 5193 2295 5272 omnia
2322 5193 2353 5250 16

863 5271 1128 5346 praedecessorum
1151 5273 1180 5328 et
1201 5271 1262 5328 suis
1282 5271 1376 5346 ipsius
1403 5271 1554 5346 prioribus
1580 5271 1677 5330 literis
1704 5273 1845 5330 contenta
1874 5271 2031 5330 confirmat
2052 5275 2082 5328 66
2102 5271 2241 5342 innovat,
2270 5271 2352 5328 acsi

863 5343 1045 5422 posteriores
1059 5349 1165 5406 literae
1184 5349 1356 5406 nullatenus
1377 5351 1575 5406 emanassent.
1612 5349 1791 5424 ,Personam
1805 5345 1907 5408 tuam“
1925 5349 2033 5422 (06166.
2051 5343 2055 5418 Ι
2073 5349 2217 5406 Bertinis.
2232 5347 2351 5406 (iomiel

867 5423 971 5496 Ι6616.
993 5425 1067 5484 0611.
1087 5421 1215 5496 Β6666.)
1234 5425 1269 5484 L.
1292 5425 1364 5484 1010
1384 5427 1405 5484 1.
1428 5427 1491 5496 165,
1502 5427 1531 5484 b.
2174 5445 2176 5452 ⁴

427 5535 464 5544 —
502 5533 540 5542 -
668 5533 704 5542 -
806 5499 906 5576 (6762)
933 5499 2108 5574 Ζ11166666Ρ6666666116(61Ρ6666661616)660666666166Μ661616666.
2135 5505 2232 5562 notar.
2261 5523 2349 5562 snum

828 5635 831 5646 ,
863 5581 900 5638 ob
923 5583 1098 5654 sequentem
1118 5581 1351 5656 praelectionem
1375 5581 1413 5638 ad
1436 5579 1584 5640 cantelam
1606 5579 1743 5640 absolvit.
1785 5577 1998 5652 ,Apostolicae
2019 5577 2104 5636 Sedis
2125 5583 2349 5642 6666666616-

863 5655 993 5716 mentia“
1016 5657 1065 5730 (A.
1086 5659 1123 5718 de
1145 5657 1173 5718 6.
1194 5657 1334 5718 Severius
1352 5655 1356 5730 Ι
1373 5655 1512 5730 Nardin.)
1531 5655 1623 5716 Arch.
1643 5655 1710 5716 Lat.
1730 5661 1802 5716 tom.
1822 5659 1839 5712 3
1860 5655 1881 5714 f.
1903 5655 1969 5714 321.
