5426 6726
712 287 851 360 ANNO
879 289 1034 362 PRIMO
1062 289 1226 362 MENSE
1253 287 1524 362 NOVEMBRI.
1580 287 1689 360 1513.

228 443 929 450 —ffl—m———ua—mm—m...
1256 443 2189 452 -.—.-...—.—.——..—.—-.-....a—-—-...—-...-.—

632 534 744 616 1513.

691 675 745 730 aut
765 675 981 748 praeterquam
1008 673 1089 730 dorni
1117 671 1142 730 si
1169 671 1300 730 voluerit
1328 671 1511 730 consulendo
1541 675 1668 750 quodvis
1689 673 1772 732 aliud
1793 671 1903 732 (iuriae
1922 673 1971 730 vel
1991 671 2082 732 Urbis
2102 693 2188 750 prae-

692 749 841 808 dictarum
863 749 995 808 officium
1016 749 1116 808 valeat
1138 767 1299 822 exercere3
1327 751 1380 808 sed
1406 753 1470 806 tam
1490 749 1548 824 ipsi
1568 769 1659 824 quam
1680 751 1773 810 ceteri
1794 767 1896 808 omnes
1917 751 1955 808 ad
1975 749 2136 824 legendum
2157 751 2188 810 in

690 827 866 900 hujusmodi
894 827 983 884 scolis
1009 845 1038 904 p.
1059 831 1081 884 t.
1112 825 1311 884 conducti..
1334 871 1340 886 .
1362 825 1495 900 legitimo
1524 827 1737 902 impedimento
1760 831 1897 886 cessante
1919 827 2108 884 commissum
2131 827 2189 888 ribi

689 903 810 978 legendi
830 923 941 962 munus
963 905 1046 962 obire
1067 907 1187 978 etpost
1208 903 1308 960 finitas
1329 903 1473 960 lectiones
1493 921 1547 978 per
1568 903 1690 978 aliquod
1706 905 1886 964 conveniens
1907 903 2037 978 spatium
2057 903 2186 962 circulos

690 981 721 1038 in
742 981 855 1038 eisdem
884 981 972 1040 scolis
993 983 1097 1038 tenere
1118 981 1264 1054 debeant,
1295 985 1326 1038 et
1348 981 1373 1038 si
1394 981 1460 1056 quis
1482 999 1519 1038 ex
1541 981 1583 1038 eis
1604 999 1665 1038 non
1685 981 1818 1056 legitime
1839 981 2000 1056 impeditus
2021 981 2186 1056 elegendo

692 1059 870 1132 cessaverit,
899 1059 1038 1134 quotiens
1067 1059 1098 1116 id
1124 1059 1245 1130 fecerit,
1272 1059 1384 1116 totiens
1412 1057 1494 1132 dupli
1521 1059 1604 1132 ejus,
1633 1059 1713 1134 quod
1739 1077 1794 1134 pro
1823 1059 1958 1136 qualibet
1987 1059 2118 1116 lectione
2148 1075 2186 1116 cx

691 1137 857 1194 constituto
880 1137 909 1194 ei
930 1135 1038 1194 salario
1060 1135 1158 1212 ipsum
1181 1137 1330 1210 attingere
1352 1137 1549 1208 discernetur,
1571 1141 1602 1192 et
1624 1137 1704 1212 qnod
1724 1155 1778 1210 pro
1800 1153 1861 1194 uua
1874 1135 1998 1194 Bidellis
2020 1137 2083 1194 sire
2102 1135 2186 1192 Nun-

691 1213 741 1270 tiis
764 1213 837 1270 dicti
855 1213 954 1272 Studii
974 1213 1005 1270 id
1025 1213 1159 1288 legitime
1181 1213 1428 1270 denuntiantibus
1449 1217 1479 1270 et
1499 1215 1596 1270 tribus
1618 1215 1742 1286 reliquis
1763 1215 1879 1288 quartis
1894 1215 2031 1290 partibus
2052 1213 2186 1270 fabricae

691 1289 840 1348 scolarum
856 1287 1071 1348 earundem'ex
1085 1307 1166 1348 nuuc
1183 1289 1378 1364 applicamus,
1393 1307 1490 1364 poena
1503 1289 1683 1364 mulctatum
1705 1335 1712 1346 .
1728 1333 1734 1348 .
1751 1333 1757 1350 .
1779 1293 1809 1346 et
1824 1291 1965 1364 quoniam
1979 1289 2095 1348 inutilis
2108 1291 2184 1346 baec

690 1367 822 1442 provisio
851 1367 888 1424 de
908 1366 992 1424 facili
1012 1367 1097 1426 reddi
1118 1367 1229 1442 possit,
1257 1365 1315 1424 nisi
1337 1367 1411 1440 sint,
1441 1367 1492 1442 qui
1513 1365 1578 1440 ejus
1607 1371 1848 1440 transgressores
1870 1365 2016 1426 adnotent
2038 1371 2068 1424 et
2090 1366 2186 1424 scolas

690 1445 771 1518 ipsas
794 1443 921 1502 sollicite
948 1445 1071 1502 visitent
1098 1450 1129 1502 et
1155 1443 1367 1520 frequentent,
1397 1445 1477 1520 quod
1496 1443 1608 1502 Rectcr
1630 1461 1697 1502 oum
1720 1443 1837 1502 dnobus
1859 1443 1896 1500 ad
1916 1443 2014 1502 minus
2036 1443 2185 1502 dictorum

690 1521 935 1580 Reformatorum
957 1521 1049 1580 semel
1068 1523 1100 1580 in
1120 1539 1223 1580 mense
1244 1523 1283 1580 ad
1302 1521 1401 1580 minus
1423 1525 1452 1580 et
1472 1521 1596 1598 pluries,
1617 1521 1670 1578 ubi
1691 1521 1887 1596 cognoverint
1907 1521 2058 1596 expedire,
2081 1521 2186 1580 diebus

692 1603 783 1674 atque
812 1599 895 1658 horis
920 1599 1012 1658 variis
1039 1603 1068 1656 et
1088 1599 1212 1656 incertis
1234 1599 1272 1656 ad
1292 1599 1374 1676 ipsas
1401 1599 1497 1656 scolas
1524 1617 1556 1656 se
1583 1601 1783 1674 personaliter
1811 1599 1968 1656 conferant
1998 1603 2028 1656 et
2050 1617 2100 1658 eas
2121 1599 2187 1656 illa-

691 1695 819 1752 rumque
838 1677 978 1750 lectores,
1000 1677 1070 1734 dum
1084 1677 1199 1752 legunt,
1221 1677 1417 1736 dumtenent
1439 1677 1575 1750 circulos,
1596 1677 1729 1750 visitent,
1751 1681 1781 1734 et
1802 1677 1827 1734 si
1849 1695 1909 1752 qua
1930 1677 2118 1734 correctione
2133 1681 2186 1734 aut

690 1755 907 1812 reformatione
935 1755 1026 1830 digna
1044 1755 1192 1826 viderint,
1220 1753 1272 1810 illa
1295 1755 1446 1830 corrigant
1468 1757 1497 1812 et
1517 1755 1698 1824 reforment3
1730 1757 1759 1812 et
1780 1771 1857 1810 unus
1880 1773 1917 1812 ex
1939 1755 2010 1812 eisd.
2031 1753 2187 1812 Reforma-

691 1833 809 1890 tcribus
830 1851 967 1890 seorsum
987 1833 1033 1890 bis
1055 1831 1161 1890 saltem
1182 1833 1213 1888 in
1235 1831 1425 1890 hebdomada
1442 1831 1623 1888 visitationis
1651 1831 1823 1904 hujusmodi
1852 1831 1984 1890 officium
2006 1832 2112 1889 subeat
2132 1849 2187 1908 per

692 1927 724 1966 se
744 1909 860 1984 ipsum,
890 1913 920 1968 et
938 1909 1193 1984 transgressiones
1220 1912 1275 1967 aut
1304 1909 1364 1966 alia
1385 1909 1562 1984 corrigenda
1588 1907 1636 1966 vel
1664 1907 1944 1968 reformandaeum
1965 1907 2096 1966 Rectore
2118 1927 2187 1966 con·

691 1985 771 2044 ferat
798 1989 828 2044 et
850 1987 989 2060 collegis,
1017 1989 1052 2044 ut
1073 2005 1177 2044 eorum
1199 2003 1292 2062 opera
1313 1985 1355 2044 sic
1377 1985 1529 2058 adhibita,
1561 2003 1650 2060 super
1673 2005 1731 2062 quo
1754 2003 1857 2044 eorum
1879 1989 1910 2044 et
1929 1987 2063 2060 ipsorum
2085 1985 2187 2060 cujus·

692 2061 768 2122 libet
788 2063 989 2122 conscientias
1004 2081 1173 2136 oneramus,
1197 2063 1336 2122 Studium
1355 2063 1545 2138 praedictum
1564 2063 1673 2122 votivis
1693 2063 1830 2140 proficiat
1850 2063 2058 2136 incrementis3
2078 2061 2188 2122 Bidelli

691 2159 762 2198 vero
785 2159 839 2198 seu
860 2139 967 2198 Nuntii
986 2141 1117 2216 praefati
1137 2145 1191 2200 aut
1212 2159 1317 2200 corum
1337 2141 1413 2198 alter
1434 2141 1526 2200 rotuli
1547 2140 1773 2200 collationatam
1804 2141 1920 2216 copiam
1940 2141 2074 2200 babeant
2094 2159 2186 2216 penes

692 2237 733 2292 se,
754 2219 785 2276 in
807 2237 866 2294 quo
889 2219 1000 2294 scripta
1021 2219 1080 2276 siut
1100 2219 1224 2276 nomina
1245 2219 1378 2276 omnium
1397 2219 1554 2292 lectorum,
1577 2223 1608 2276 et
1630 2235 1689 2294 qua
1703 2217 1831 2294 quisque
1844 2219 1920 2276 hora
1942 2219 1980 2277 sit
2000 2219 2136 2276 lecturus
2157 2221 2187 2276 et

689 2295 780 2370 juxta
806 2297 888 2354 illius
916 2297 1050 2354 ordinem
1078 2299 1108 2352 et
1128 2299 1264 2354 tenorem
1287 2295 1383 2354 scolas
1411 2295 1611 2370 circumeant,
1638 2297 1718 2354 festa
1737 2295 1848 2354 Palatii
1875 2299 2021 2354 consueta
2048 2295 2078 2352 in
2099 2295 2188 2352 scolis

692 2377 762 2430 ante
790 2373 965 2432 cathedram
995 2373 1169 2432 doctoribus
1198 2379 1227 2432 et
1258 2369 1425 2432 scolaribus
1454 2373 1613 2446 nuntient,
1645 2377 1675 2432 et
1696 2373 1721 2430 si
1742 2391 1831 2448 quern
1853 2393 1890 2432 ex
1912 2373 2000 2430 dictis
2021 2373 2185 2432 lectoribus

692 2469 746 2508 suo
767 2451 834 2508 loco
856 2454 962 2509 abesse
983 2451 1165 2524 repererint,
1196 2451 1332 2512 adhibito
1353 2455 1431 2508 teste
1451 2451 1535 2508 illum
1557 2453 1703 2508 adnotent
1725 2455 1755 2508 et
1775 2451 1806 2506 in
1826 2451 1885 2508 fine
1907 2451 2056 2526 cujusque
2076 2451 2188 2508 hebdo-

691 2527 798 2586 madae
818 2529 937 2588 notario
958 2529 1030 2586 dicti
1043 2529 1191 2604 Rectoris‚
1211 2529 1263 2604 qui
1284 2547 1348 2586 rem
1368 2529 1406 2586 ad
1426 2529 1560 2604 ipsorum
1574 2529 1711 2586 Rectoris
1733 2531 1764 2586 et
1782 2529 2028 2586 Reformatorum
2046 2529 2187 2586 notitiam

690 2605 821 2664 fideliter
848 2605 996 2678 deducat,
1025 2607 1056 2664 in
1085 2607 1204 2680 seriptis
1232 2606 1373 2678 tradant,
1401 2611 1431 2664 et
1459 2607 1483 2664 si
1511 2607 1584 2664 dicti
1604 2605 1713 2664 Bidelli
1739 2605 1770 2662 in
1797 2607 1970 2682 praemissis
1996 2607 2184 2680 negligentes

690 2683 813 2754 fuerint,
836 2701 890 2758 per
910 2703 938 2758 p.
962 2687 982 2742 t.
1005 2685 1183 2742 existentem
1197 2685 1293 2760 ipsius
1308 2683 1405 2741 Studii
1418 2683 1578 2742 Rectorem
1592 2701 1646 2758 pro
1668 2683 1764 2756 prima
1785 2683 1879 2758 ejusd.
1895 2683 2031 2740 Rectoris
2047 2683 2184 2754 arbitrio,

691 2777 744 2832 pro
767 2761 900 2818 secunda
919 2779 991 2818 vero
1006 2761 1122 2820 vicibus
1144 2761 1247 2818 salarii
1268 2765 1299 2818 et
1313 2761 1583 2818 emolumentorum
1600 2761 1731 2818 omnium
1746 2761 1835 2816 unius
1850 2759 2002 2818 semestris
2023 2759 2054 2816 in
2075 2759 2186 2818 dictam

691 2837 837 2896 fabricam
865 2839 1137 2896 convertendorum
1166 2837 1334 2896 amissionis
1361 2854 1460 2912 poena
1486 2839 1684 2912 mulctentur3
1717 2837 1797 2910 quod
1824 2839 1848 2894 si
1877 2839 1969 2894 tertio
1999 2837 2030 2894 in
2060 2837 2186 2894 similem

691 2913 852 2970 inciderint
869 2915 1095 2990 negligentiam,
1118 2915 1216 2972 officio
1231 2913 1400 2972 Bidellatus
1421 2913 1594 2990 hujusmodi
1613 2919 1760 2990 perpetuo
1780 2915 1892 2988 privati
1913 2919 1943 2974 et
1964 2915 2001 2972 ad
2016 2913 2091 2972 illud
2111 2915 2188 2972 ulte-

692 2991 756 3048 rius
778 2991 975 3048 obtinendum
996 2991 1144 3052 inhabiles
1166 2991 1242 3066 sint3
1265 3035 1272 3048 .
1293 3033 1300 3048 .
1323 3035 1330 3050 .
1352 2997 1382 3048 et
1402 3011 1449 3066 nc,
1472 2991 1553 3066 quod
1572 2991 1684 3068 passim
1706 2993 1815 3066 evenit,
1836 2991 1966 3048 lectores
1986 2991 2142 3066 praefatos
2156 2995 2187 3048 et

692 3069 813 3144 legendi
833 3071 864 3126 et
892 3069 1002 3126 salaria
1028 3087 1089 3126 non
1110 3069 1174 3126 sine
1201 3069 1302 3126 taedio
1331 3069 1516 3144 percipiendi
1544 3067 1657 3144 duplex
1685 3087 1757 3126 cura
1776 3069 1900 3144 fatiget,
1929 3069 2010 3144 quod
2037 3069 2086 3126 dil.
2106 3069 2186 3126 filius

691 3147 855 3202 modernus
869 3147 1080 3222 Depositariur
1094 3147 1290 3220 pecuniarum
1306 3147 1404 3204 dictae
1417 3147 1563 3220 gabellae,
1585 3149 1748 3220 antequam
1772 3147 1807 3204 de
1829 3145 1928 3204 officio
1943 3147 2187 3220 Depositariatus

692 3223 867 3296 hujusmodi
893 3223 1023 3282 ulterius
1049 3241 1080 3280 se
1100 3223 1301 3296 intromittat,
1331 3227 1362 3280 et
1389 3223 1436 3280 sui
1455 3223 1487 3280 in
1508 3225 1587 3282 dicto
1610 3221 1707 3280 officio
1730 3241 1934 3294 successores,
1964 3227 2127 3298 antequam
2150 3221 2187 3280 ad

691 3299 768 3358 illud
790 3299 1014 3376 quomodolibet
1034 3301 1244 3374 admittantur,
1266 3301 1437 3358 cautionem
1458 3303 1615 3374 praestent
1635 3299 1672 3356 de
1693 3299 1810 3358 salariis
1830 3299 1917 3358 dictis
1937 3301 2101 3356 lectoribus
2121 3319 2150 3376 p.
2164 3303 2186 3356 t.

693 3377 867 3436 constitutis
962 3377 1080 3452 integre
1100 3377 1325 3452 persolvendis,
1348 3377 1428 3452 quod
1450 3377 1476 3434 si
1495 3377 1704 3452 Depositarius
1726 3377 1791 3454 ipse
1811 3377 1992 3434 solutionem
2012 3375 2188 3450 hujusmodi

691 3473 746 3530 per
768 3459 784 3512 3
806 3455 870 3512 dies
890 3457 960 3530 post
981 3455 1257 3530 praesentationem
1277 3453 1413 3512 mandati
1433 3455 1489 3512 sibi
1509 3455 1620 3512 factam
1643 3455 1804 3528 distulerit,
1826 3455 1916 3512 liceat
1931 3453 2030 3512 dictae
2050 3455 2187 3530 gabellae

692 3531 927 3590 conductoribus
956 3531 1066 3588 salaria
1093 3531 1158 3606 ipsa
1183 3531 1276 3606 juxta
1297 3533 1378 3590 dicta
1398 3531 1557 3602 mandata,
1588 3533 1723 3606 quamvis
1751 3533 1803 3590 illa
1823 3533 1861 3588 ad
1881 3531 2106 3606 Depositarium
2128 3531 2188 3588 sint

692 3609 814 3682 directa,
838 3627 906 3666 cum
920 3609 1089 3666 retentione
1102 3627 1158 3684 pro
1174 3627 1205 3666 se
1220 3609 1491 3666 emolumentorum
1505 3609 1574 3666 inde
1592 3611 1844 3684 provenientium,
1866 3627 1943 3684 quae
1958 3609 2058 3684 capita
2078 3609 2188 3666 solido-

691 3705 759 3742 rum
780 3689 944 3758 vocantur,
966 3687 1149 3744 auctoritate
1170 3687 1377 3762 praesentium
1396 3685 1491 3744 libere
1511 3687 1684 3760 persolvere
1706 3705 1743 3744 ex
1764 3685 1900 3760 pecuniis
1922 3685 2019 3760 ejusd.
2039 3685 2187 3762 gabellae,

690 3765 730 3820 ad
752 3765 833 3840 quod
852 3763 1025 3822 faciendum
1053 3767 1083 3820 et
1110 3763 1243 3838 singulas
1273 3763 1380 3820 tertias
1400 3765 1502 3838 partes
1523 3763 1703 3820 salariorum
1729 3763 1905 3836 hujusmodi
1923 3783 1978 3840 per
1999 3765 2187 3836 decennium,

691 3845 853 3918 autequam
881 3841 975 3918 ipsius
999 3839 1157 3900 solutionis
1178 3841 1267 3900 dictis
1287 3839 1452 3900 lectoribus
1472 3858 1501 3915 p.
1522 3845 1545 3900 t.
1565 3839 1725 3898 faciendae
1745 3841 1891 3898 terminus
1913 3841 2088 3912 advenerit,
2115 3859 2144 3916 p.
2165 3845 2187 3900 t.

692 3919 835 3976 existenti
849 3917 1041 3994 Depositaric
1061 3917 1200 3996 praefato
1223 3937 1290 3976 cum
1312 3917 1422 3976 effectu
1442 3917 1657 3992 assignandum
1679 3919 1878 3976 conductores
1899 3919 1956 3994 ipsi
1976 3919 2007 3976 in
2028 3922 2186 3978 contractu

692 3997 902 4054 conductionis
924 3995 1023 4054 diotae
1042 3995 1180 4068 gabellae
1202 4013 1233 4052 se
1256 3995 1426 4070 specialiter
1447 3997 1539 4054 etiam
1560 3997 1616 4054 sub
1637 3995 1739 4070 aliqua
1752 3997 1927 4070 pecuniaria
1944 4013 2043 4072 poena
2058 3997 2187 4054 debeant

693 4073 845 4146 obligare3
872 4073 997 4148 insuper
1017 4073 1186 4130 inhibemus
1208 4073 1263 4130 sub
1286 4073 1501 4132 excommunic.
1521 4071 1541 4128 l.
1565 4089 1587 4130 s.
1610 4077 1639 4130 et
1661 4073 1743 4148 dupli
1765 4073 1840 4146 ejus,
1860 4073 1890 4128 in
1914 4091 1972 4146 quo
1993 4073 2087 4130 laesio
2109 4091 2187 4130 com-

692 4149 848 4224 mittetur,
877 4153 902 4208 si
931 4151 1171 4208 aestimationem
1193 4149 1335 4224 recipiat,
1365 4149 1446 4224 parti
1474 4149 1615 4206 damnum
1642 4151 1689 4208 vel
1716 4149 1858 4226 injuriam
1887 4149 2015 4224 patienti
2042 4167 2079 4206 ex
2105 4169 2186 4208 nuno

692 4229 837 4302 applicati
855 4245 963 4302 poena,
985 4227 1101 4302 quoties
1120 4231 1351 4284 contraventum
1364 4227 1466 4300 tuerit,
1488 4227 1551 4302 ipso
1572 4227 1653 4284 facto
1674 4227 1857 4284 incurrenda
1877 4227 1926 4284 dil.
1947 4227 2015 4284 filiis
2035 4227 2187 4284 modernis

692 4309 723 4362 et
743 4305 796 4380 qui
816 4323 846 4380 p.
867 4311 889 4362 t.
917 4305 1031 4362 fuerint
1052 4305 1150 4362 dictae
1170 4305 1262 4362 Urbis
1283 4305 1503 4376 Gubernatori,
1532 4305 1686 4376 Senatori,
1716 4305 1825 4362 Uuriae
1855 4323 2015 4362 causarum
2042 4303 2187 4362 Gamerae

692 4387 789 4458 apost.
820 4383 953 4440 auditori
983 4383 1151 4458 ceterisque
1180 4381 1290 4440 Ouriae
1319 4387 1350 4440 et
1378 4383 1468 4440 Urbis
1498 4383 1723 4456 praedictarum
1752 4383 1911 4440 ordinariis
1941 4385 1971 4440 et
2001 4383 2187 4440 extraordin.

689 4461 860 4534 judicibus,
888 4479 927 4518 ne
949 4479 1038 4534 super
1060 4459 1164 4528 causis¹
1180 4463 1287 4518 contra
1307 4459 1402 4518 dictos
1424 4459 1555 4518 scolares
1577 4477 1629 4518 seu
1652 4479 1754 4518 eorum
1776 4461 1908 4536 aliquem
1927 4479 1956 4536 p.
1979 4463 1999 4518 t.
2021 4461 2126 4532 motis,
2156 4463 2187 4518 et

692 4539 888 4596 Dobanarnm
911 4541 941 4596 et
960 4537 1149 4612 gabellarum
1163 4537 1291 4594 aliarum
1313 4555 1561 4614 quarumcunque
1583 4537 1675 4594 etiam
1691 4537 1809 4596 ratione
1822 4539 1978 4612 portarum
2000 4541 2031 4596 et
2050 4537 2187 4614 pontium

693 4617 791 4674 dictae
811 4615 903 4674 Urbis
933 4615 1140 4688 exactoribus,
1170 4633 1210 4672 ne
1231 4615 1262 4672 in
1283 4617 1374 4674 rebus
1396 4615 1533 4672 ethonis
1554 4615 1592 4672 ad
1614 4615 1710 4672 dictos
1732 4615 1862 4674 scolares
1883 4633 1937 4690 pro
1959 4633 2063 4672 eorum
2085 4615 2186 4672 studio

692 4691 867 4764 hujusmodi
887 4691 1092 4750 insistentium
1113 4711 1171 4748 usu
1193 4693 1414 4766 pertinentibus
1436 4695 1542 4748 contra
1563 4691 1783 4768 exemptionem
1813 4695 1843 4748 et
1862 4691 2082 4750 immunitatem
2102 4709 2188 4766 prae-

693 4771 790 4826 dictas
814 4769 846 4824 in
875 4767 1010 4842 ipsorum
1037 4767 1199 4826 scolarium
1227 4785 1281 4824 seu
1308 4767 1437 4842 alicujus
1460 4785 1561 4824 eorum
1590 4769 1809 4844 praejudicium
1838 4767 1952 4826 directe
1972 4769 2020 4826 vel
2039 4767 2188 4826 indirecte

605 4903 608 4908 .
693 4847 799 4922 quovis
821 4845 960 4922 quaesito
989 4845 1098 4904 colore
1116 4845 1278 4920 quicquam
1298 4845 1398 4902 facere
1425 4847 1473 4902 vel
1502 4849 1683 4920 attemptare
1710 4851 1914 4920 praesumant.
1955 4845 2103 4914 Quocirca
2132 4863 2187 4920 per

692 4923 858 4998 apostolica
879 4923 993 4998 scripta
1018 4923 1194 4980 mandamus
1218 4923 1359 4998 praefato
1379 4923 1536 4980 Dominico
1568 4923 1658 4998 episc.
1685 4923 1828 4982 moderno
1857 4929 1887 4982 et
1909 4923 1961 4998 qui
1982 4943 2010 5000 p.
2031 4929 2052 4982 t.
2072 4923 2187 4980 fuerint

694 5001 767 5058 dicti
781 5001 879 5060 Studii
893 5001 984 5060 Urbis
998 5001 1121 5058 Rectcri
1143 5003 1173 5058 et
1193 5001 1356 5076 praedictis
1376 5001 1527 5060 modernis
1549 5019 1584 5060 ac
1604 5019 1634 5074 p.
1655 5005 1676 5058 t.
1699 5001 1899 5062 existentibus
1913 5001 2184 5072 Reformatoribus‚

692 5083 727 5136 ut
746 5079 913 5154 praemissa
934 5079 1033 5136 omnia
1054 5081 1084 5136 et
1105 5078 1233 5154 singula,
1256 5081 1401 5154 quantum
1423 5079 1461 5136 ad
1482 5097 1533 5136 eos
1554 5079 1673 5152 attinet,
1695 5079 1864 5148 observent,
1888 5081 1917 5136 et
1939 5079 2020 5154 quod
2041 5079 2079 5136 ad
2099 5079 2184 5150 alios,

692 5157 901 5232 cujuscunque
923 5159 1030 5230 status,
1050 5157 1164 5232 gradus
1186 5161 1216 5214 et
1234 5157 1412 5214 conditionis
1433 5157 1556 5232 fuerint,
1577 5157 1671 5216 faciat
1690 5157 1753 5232 ipse
1768 5157 1880 5216 Rector
1901 5157 1938 5214 de
1959 5157 2108 5214 dictorum
2128 5155 2185 5214 Re·
2220 5193 2223 5208 .

692 5235 891 5292 formatorum
914 5235 1038 5292 consilio
1060 5235 1243 5292 auctoritate
1256 5235 1377 5304 ¹Nostra
1396 5235 1521 5294 firmiter
1544 5235 1707 5308 observari,
1731 5237 1971 5310 transgressores
1993 5237 2184 5292 contumaces

693 5317 724 5370 et
743 5311 952 5370 inobedientes
974 5331 1170 5388 quoscunque
1195 5331 1249 5390 per
1271 5331 1428 5372 censuram
1449 5313 1681 5372 ecclesiasticam
1713 5315 1743 5370 et
1763 5313 1822 5370 alia
1840 5313 1918 5388 juris
1941 5311 2106 5386 dequibus
2128 5311 2185 5370 sibi

691 5389 846 5448 videbitur
866 5395 1038 5466 opportuna
1057 5391 1191 5450 remedia
1211 5391 1414 5466 appellatione
1436 5391 1542 5466 quavis
1564 5391 1683 5448 omnino
1704 5395 1823 5448 remota
1844 5391 2075 5466 compescend03
2096 5407 2185 5448 vene-

594 5475 598 5482 “
692 5465 781 5524 rabili
806 5485 879 5526 vero
907 5469 995 5526 fratri
1014 5469 1128 5526 Nostro
1156 5469 1246 5546 episc.
1268 5467 1383 5528 Ostien.
1411 5473 1442 5526 et
1469 5469 1520 5544 qui
1547 5487 1575 5544 p.
1604 5473 1625 5528 t.
1652 5469 1744 5526 fuerit
1772 5465 1899 5542 Oollegii
1926 5485 2028 5526 vener.
2054 5467 2183 5526 fratrum

692 5543 874 5630 Nostrorum
896 5547 993 5604 dictae
1013 5547 1099 5606 Rom.
1120 5547 1202 5608 Eccl.
1223 5547 1430 5606 Oardinalium
1457 5547 1571 5604 decano
1600 5551 1629 5606 et
1655 5565 1684 5622 p.
1706 5551 1728 5604 t.
1755 5545 1899 5604 existenti
1925 5545 2022 5622 primo
2044 5563 2082 5604 ex
2102 5565 2184 5624 pres·
