<?xml version="1.0" encoding="UTF-8"?>
<!DOCTYPE html PUBLIC "-//W3C//DTD XHTML 1.0 Transitional//EN"
    "http://www.w3.org/TR/xhtml1/DTD/xhtml1-transitional.dtd">
<html xmlns="http://www.w3.org/1999/xhtml" xml:lang="en" lang="en">
 <head>
  <title>
</title>
<meta http-equiv="Content-Type" content="text/html;charset=utf-8" />
  <meta name='ocr-system' content='tesseract 3.04.00' />
  <meta name='ocr-capabilities' content='ocr_page ocr_carea ocr_par ocr_line ocrx_word'/>
</head>
<body>
  <div class='ocr_page' id='page_1' title='image "./regesta00xgoog_0970.png"; bbox 0 0 5434 6734; ppageno 0'>
   <div class='ocr_carea' id='block_1_1' title="bbox 935 365 1821 440">
    <p class='ocr_par' dir='ltr' id='par_1_1' title="bbox 935 365 1821 440">
     <span class='ocr_line' id='line_1_1' title="bbox 935 365 1821 440; baseline -0.005 0"><span class='ocrx_word' id='word_1_1' title='bbox 935 365 1074 440; x_wconf 87' lang='lat' dir='ltr'>ANNO</span> <span class='ocrx_word' id='word_1_2' title='bbox 1103 365 1283 440; x_wconf 82' lang='lat' dir='ltr'>TERTIO</span> <span class='ocrx_word' id='word_1_3' title='bbox 1311 365 1474 440; x_wconf 80' lang='lat' dir='ltr'>MENSE</span> <span class='ocrx_word' id='word_1_4' title='bbox 1503 365 1654 440; x_wconf 86' lang='lat' dir='ltr'><strong>JULIO.</strong></span> <span class='ocrx_word' id='word_1_5' title='bbox 1714 369 1821 440; x_wconf 85' lang='lat'><strong>1515.</strong></span> 
     </span>
    </p>
   </div>
   <div class='ocr_carea' id='block_1_2' title="bbox 815 611 927 692">
    <p class='ocr_par' dir='ltr' id='par_1_2' title="bbox 815 611 927 692">
     <span class='ocr_line' id='line_1_2' title="bbox 815 611 927 692; baseline 0.018 -2"><span class='ocrx_word' id='word_1_6' title='bbox 815 611 927 692; x_wconf 83' lang='lat'><strong>1515.</strong></span> 
     </span>
    </p>
   </div>
   <div class='ocr_carea' id='block_1_3' title="bbox 426 723 2358 824">
    <p class='ocr_par' dir='ltr' id='par_1_3' title="bbox 426 723 2358 824">
     <span class='ocr_line' id='line_1_3' title="bbox 426 723 2358 824; baseline -0.002 -18"><span class='ocrx_word' id='word_1_7' title='bbox 426 749 471 806; x_wconf 85' lang='grc'>23.</span> <span class='ocrx_word' id='word_1_8' title='bbox 493 747 555 808; x_wconf 85' lang='lat' dir='ltr'>Jul.</span> <span class='ocrx_word' id='word_1_9' title='bbox 636 751 750 810; x_wconf 87' lang='lat' dir='ltr'>Romae</span> <span class='ocrx_word' id='word_1_10' title='bbox 815 745 1086 824; x_wconf 87' lang='grc'>(16621-16622)</span> <span class='ocrx_word' id='word_1_11' title='bbox 1108 749 1186 824; x_wconf 86' lang='lat' dir='ltr'>Mag.</span> <span class='ocrx_word' id='word_1_12' title='bbox 1201 747 1314 806; x_wconf 87' lang='lat' dir='ltr'>Didacc</span> <span class='ocrx_word' id='word_1_13' title='bbox 1329 747 1481 824; x_wconf 75' lang='lat' dir='ltr'>Andreae,</span> <span class='ocrx_word' id='word_1_14' title='bbox 1504 739 1655 824; x_wconf 80' lang='grc'>66616666</span> <span class='ocrx_word' id='word_1_15' title='bbox 1675 747 1744 806; x_wconf 90' lang='lat' dir='ltr'>farn.</span> <span class='ocrx_word' id='word_1_16' title='bbox 1767 765 1831 820; x_wconf 87' lang='lat' dir='ltr'>suc,</span> <span class='ocrx_word' id='word_1_17' title='bbox 1855 747 1971 806; x_wconf 78' lang='lat' dir='ltr'>confert</span> <span class='ocrx_word' id='word_1_18' title='bbox 1991 765 2055 822; x_wconf 89' lang='lat' dir='ltr'>par.</span> <span class='ocrx_word' id='word_1_19' title='bbox 2070 723 2211 804; x_wconf 88' lang='lat' dir='ltr'>ccclesias</span> <span class='ocrx_word' id='word_1_20' title='bbox 2231 743 2358 804; x_wconf 89' lang='lat' dir='ltr'>invicem</span> 
     </span>
    </p>
   </div>
   <div class='ocr_carea' id='block_1_4' title="bbox 428 825 734 904">
    <p class='ocr_par' dir='ltr' id='par_1_4' title="bbox 428 825 734 904">
     <span class='ocr_line' id='line_1_4' title="bbox 428 825 734 904; baseline -0.013 -12"><span class='ocrx_word' id='word_1_21' title='bbox 428 825 475 892; x_wconf 82' lang='lat' dir='ltr'>(X·</span> <span class='ocrx_word' id='word_1_22' title='bbox 494 829 555 880; x_wconf 72' lang='lat' dir='ltr'>Kal·</span> <span class='ocrx_word' id='word_1_23' title='bbox 652 831 734 904; x_wconf 88' lang='lat' dir='ltr'>apud</span> 
     </span>
    </p>
   </div>
   <div class='ocr_carea' id='block_1_5' title="bbox 873 823 2358 902">
    <p class='ocr_par' dir='ltr' id='par_1_5' title="bbox 873 823 2358 902">
     <span class='ocr_line' id='line_1_5' title="bbox 873 823 2358 902; baseline -0.003 -18"><span class='ocrx_word' id='word_1_24' title='bbox 873 833 1019 902; x_wconf 90' lang='lat' dir='ltr'>perpetuo</span> <span class='ocrx_word' id='word_1_25' title='bbox 1041 827 1141 886; x_wconf 89' lang='grc'>661666</span> <span class='ocrx_word' id='word_1_26' title='bbox 1162 827 1188 886; x_wconf 90' lang='lat' dir='ltr'>S.</span> <span class='ocrx_word' id='word_1_27' title='bbox 1211 827 1293 884; x_wconf 88' lang='lat' dir='ltr'>Petri</span> <span class='ocrx_word' id='word_1_28' title='bbox 1316 827 1351 884; x_wconf 91' lang='grc'>66</span> <span class='ocrx_word' id='word_1_29' title='bbox 1371 827 1497 884; x_wconf 85' lang='lat' dir='ltr'>Romulo</span> <span class='ocrx_word' id='word_1_30' title='bbox 1520 831 1549 884; x_wconf 92' lang='lat' dir='ltr'>et</span> <span class='ocrx_word' id='word_1_31' title='bbox 1571 827 1598 886; x_wconf 89' lang='lat' dir='ltr'>S.</span> <span class='ocrx_word' id='word_1_32' title='bbox 1613 827 1752 884; x_wconf 79' lang='lat' dir='ltr'>Andreae</span> <span class='ocrx_word' id='word_1_33' title='bbox 1774 825 1810 884; x_wconf 93' lang='lat' dir='ltr'>de</span> <span class='ocrx_word' id='word_1_34' title='bbox 1824 825 2117 884; x_wconf 85' lang='lat' dir='ltr'>MirandclaLuccn.</span> <span class='ocrx_word' id='word_1_35' title='bbox 2140 823 2232 882; x_wconf 90' lang='lat' dir='ltr'>dioec.</span> <span class='ocrx_word' id='word_1_36' title='bbox 2255 823 2358 882; x_wconf 88' lang='lat' dir='ltr'>aJoh.</span> 
     </span>
    </p>
   </div>
   <div class='ocr_carea' id='block_1_6' title="bbox 450 895 2358 980">
    <p class='ocr_par' dir='ltr' id='par_1_6' title="bbox 450 895 2358 980">
     <span class='ocr_line' id='line_1_6' title="bbox 450 895 2358 980; baseline -0.002 -16"><span class='ocrx_word' id='word_1_37' title='bbox 450 895 531 964; x_wconf 58' lang='lat' dir='ltr'>Aue)</span> <span class='ocrx_word' id='word_1_38' title='bbox 601 905 629 966; x_wconf 87' lang='lat' dir='ltr'>S.</span> <span class='ocrx_word' id='word_1_39' title='bbox 650 909 786 970; x_wconf 89' lang='lat' dir='ltr'>Petrum.</span> <span class='ocrx_word' id='word_1_40' title='bbox 872 901 2201 980; x_wconf 52' lang='grc'>11666666616661666666666666116611.6666661661666661666.(611661).</span> <span class='ocrx_word' id='word_1_41' title='bbox 2231 903 2358 960; x_wconf 79' lang='grc'>1166666.</span> 
     </span>
    </p>
   </div>
   <div class='ocr_carea' id='block_1_7' title="bbox 815 981 2361 1606">
    <p class='ocr_par' dir='ltr' id='par_1_7' title="bbox 815 981 2361 1606">
     <span class='ocr_line' id='line_1_7' title="bbox 875 981 1772 1060; baseline -0.002 -18"><span class='ocrx_word' id='word_1_42' title='bbox 875 987 966 1060; x_wconf 91' lang='lat' dir='ltr'>deput</span> <span class='ocrx_word' id='word_1_43' title='bbox 990 991 1009 1044; x_wconf 88' lang='grc'>6</span> <span class='ocrx_word' id='word_1_44' title='bbox 1044 981 1176 1060; x_wconf 69' lang='grc' dir='ltr'>,Η66161</span> <span class='ocrx_word' id='word_1_45' title='bbox 1199 982 1289 1040; x_wconf 89' lang='lat' dir='ltr'>Aroh.</span> <span class='ocrx_word' id='word_1_46' title='bbox 1310 983 1377 1040; x_wconf 90' lang='lat' dir='ltr'>Lat.</span> <span class='ocrx_word' id='word_1_47' title='bbox 1402 989 1471 1040; x_wconf 87' lang='lat' dir='ltr'>tom.</span> <span class='ocrx_word' id='word_1_48' title='bbox 1495 987 1530 1042; x_wconf 83' lang='grc'>66</span> <span class='ocrx_word' id='word_1_49' title='bbox 1552 983 1572 1042; x_wconf 84' lang='grc'>1.</span> <span class='ocrx_word' id='word_1_50' title='bbox 1595 985 1668 1058; x_wconf 71' lang='lat' dir='ltr'>aab</span> <span class='ocrx_word' id='word_1_51' title='bbox 1691 1001 1772 1058; x_wconf 89' lang='lat' dir='ltr'>seqq.</span> 
     </span>
     <span class='ocr_line' id='line_1_8' title="bbox 816 1057 2359 1136; baseline -0.001 -18"><span class='ocrx_word' id='word_1_52' title='bbox 816 1061 944 1136; x_wconf 90' lang='grc'>(16623)</span> <span class='ocrx_word' id='word_1_53' title='bbox 974 1063 1148 1122; x_wconf 88' lang='lat' dir='ltr'>Balthasari</span> <span class='ocrx_word' id='word_1_54' title='bbox 1169 1063 1204 1118; x_wconf 92' lang='grc'>66</span> <span class='ocrx_word' id='word_1_55' title='bbox 1226 1061 1378 1118; x_wconf 88' lang='lat' dir='ltr'>Panzcriis</span> <span class='ocrx_word' id='word_1_56' title='bbox 1401 1061 1574 1120; x_wconf 71' lang='lat' dir='ltr'><strong>Custodiam</strong></span> <span class='ocrx_word' id='word_1_57' title='bbox 1597 1061 1887 1122; x_wconf 82' lang='grc'>666616661616666.</span> <span class='ocrx_word' id='word_1_58' title='bbox 1910 1063 1939 1118; x_wconf 91' lang='grc'>61</span> <span class='ocrx_word' id='word_1_59' title='bbox 1961 1079 2023 1134; x_wconf 88' lang='lat' dir='ltr'>por.</span> <span class='ocrx_word' id='word_1_60' title='bbox 2047 1057 2203 1118; x_wconf 89' lang='lat' dir='ltr'>ecclesiam</span> <span class='ocrx_word' id='word_1_61' title='bbox 2224 1057 2251 1116; x_wconf 98' lang='lat' dir='ltr'>S.</span> <span class='ocrx_word' id='word_1_62' title='bbox 2266 1057 2359 1116; x_wconf 82' lang='lat' dir='ltr'>Firmi</span> 
     </span>
     <span class='ocr_line' id='line_1_9' title="bbox 874 1135 2359 1216; baseline -0.003 -18"><span class='ocrx_word' id='word_1_63' title='bbox 874 1141 1073 1202; x_wconf 87' lang='lat' dir='ltr'>Mediolanen.</span> <span class='ocrx_word' id='word_1_64' title='bbox 1096 1141 1179 1200; x_wconf 92' lang='lat' dir='ltr'>obitu</span> <span class='ocrx_word' id='word_1_65' title='bbox 1201 1141 1347 1198; x_wconf 87' lang='lat' dir='ltr'>Johannis</span> <span class='ocrx_word' id='word_1_66' title='bbox 1370 1139 1496 1196; x_wconf 78' lang='lat' dir='ltr'>Antonii</span> <span class='ocrx_word' id='word_1_67' title='bbox 1518 1141 1554 1198; x_wconf 94' lang='lat' dir='ltr'>de</span> <span class='ocrx_word' id='word_1_68' title='bbox 1576 1141 1708 1216; x_wconf 86' lang='lat' dir='ltr'>Terzago</span> <span class='ocrx_word' id='word_1_69' title='bbox 1729 1159 1794 1200; x_wconf 86' lang='lat' dir='ltr'>vac.</span> <span class='ocrx_word' id='word_1_70' title='bbox 1818 1139 1944 1196; x_wconf 89' lang='lat' dir='ltr'>confert.</span> <span class='ocrx_word' id='word_1_71' title='bbox 1967 1137 2052 1196; x_wconf 73' lang='grc'>(1.6.</span> <span class='ocrx_word' id='word_1_72' title='bbox 2074 1135 2107 1196; x_wconf 93' lang='lat' dir='ltr'>L.</span> <span class='ocrx_word' id='word_1_73' title='bbox 2125 1139 2197 1194; x_wconf 87' lang='grc'>1066</span> <span class='ocrx_word' id='word_1_74' title='bbox 2219 1137 2359 1210; x_wconf 79' lang='lat' dir='ltr'>f.183‚b.</span> 
     </span>
     <span class='ocr_line' id='line_1_10' title="bbox 815 1213 2358 1296; baseline -0.003 -20"><span class='ocrx_word' id='word_1_75' title='bbox 815 1217 945 1292; x_wconf 82' lang='grc'>(16624)</span> <span class='ocrx_word' id='word_1_76' title='bbox 976 1219 1103 1280; x_wconf 80' lang='lat' dir='ltr'>Exeout.</span> <span class='ocrx_word' id='word_1_77' title='bbox 1124 1221 1266 1296; x_wconf 89' lang='lat' dir='ltr'>deputat,</span> <span class='ocrx_word' id='word_1_78' title='bbox 1296 1217 1347 1292; x_wconf 89' lang='lat' dir='ltr'>qui</span> <span class='ocrx_word' id='word_1_79' title='bbox 1368 1217 1501 1274; x_wconf 90' lang='lat' dir='ltr'>Johanni</span> <span class='ocrx_word' id='word_1_80' title='bbox 1528 1217 1559 1274; x_wconf 92' lang='lat' dir='ltr'>in</span> <span class='ocrx_word' id='word_1_81' title='bbox 1580 1219 1674 1292; x_wconf 89' lang='lat' dir='ltr'>Ligno</span> <span class='ocrx_word' id='word_1_82' title='bbox 1697 1219 1767 1278; x_wconf 90' lang='lat' dir='ltr'>cler.</span> <span class='ocrx_word' id='word_1_83' title='bbox 1790 1217 1945 1276; x_wconf 79' lang='lat' dir='ltr'>Solonion.</span> <span class='ocrx_word' id='word_1_84' title='bbox 1976 1217 2068 1276; x_wconf 89' lang='lat' dir='ltr'>dioec.</span> <span class='ocrx_word' id='word_1_85' title='bbox 2091 1219 2119 1272; x_wconf 89' lang='lat' dir='ltr'>ct</span> <span class='ocrx_word' id='word_1_86' title='bbox 2141 1215 2220 1288; x_wconf 86' lang='lat' dir='ltr'>Mag.</span> <span class='ocrx_word' id='word_1_87' title='bbox 2240 1213 2271 1272; x_wconf 90' lang='lat' dir='ltr'>in</span> <span class='ocrx_word' id='word_1_88' title='bbox 2292 1219 2358 1288; x_wconf 84' lang='lat' dir='ltr'>art,</span> 
     </span>
     <span class='ocr_line' id='line_1_11' title="bbox 875 1295 2361 1376; baseline -0.002 -22"><span class='ocrx_word' id='word_1_89' title='bbox 875 1297 925 1372; x_wconf 88' lang='lat' dir='ltr'>qui</span> <span class='ocrx_word' id='word_1_90' title='bbox 946 1299 1099 1376; x_wconf 74' lang='lat' dir='ltr'>obsequiis</span> <span class='ocrx_word' id='word_1_91' title='bbox 1118 1295 1269 1358; x_wconf 89' lang='lat' dir='ltr'>Leonardi</span> <span class='ocrx_word' id='word_1_92' title='bbox 1291 1297 1336 1354; x_wconf 90' lang='lat' dir='ltr'>tit.</span> <span class='ocrx_word' id='word_1_93' title='bbox 1359 1295 1388 1354; x_wconf 93' lang='lat' dir='ltr'>S.</span> <span class='ocrx_word' id='word_1_94' title='bbox 1410 1295 1565 1352; x_wconf 88' lang='lat' dir='ltr'>Susannae</span> <span class='ocrx_word' id='word_1_95' title='bbox 1585 1301 1684 1370; x_wconf 89' lang='lat' dir='ltr'>presb.</span> <span class='ocrx_word' id='word_1_96' title='bbox 1706 1297 1793 1356; x_wconf 80' lang='lat' dir='ltr'>Oard.</span> <span class='ocrx_word' id='word_1_97' title='bbox 1814 1297 1945 1370; x_wconf 75' lang='lat' dir='ltr'>insistit,</span> <span class='ocrx_word' id='word_1_98' title='bbox 1966 1295 1997 1354; x_wconf 91' lang='lat' dir='ltr'>in</span> <span class='ocrx_word' id='word_1_99' title='bbox 2019 1299 2133 1354; x_wconf 90' lang='lat' dir='ltr'>certum</span> <span class='ocrx_word' id='word_1_100' title='bbox 2158 1297 2296 1352; x_wconf 89' lang='lat' dir='ltr'>eventum</span> <span class='ocrx_word' id='word_1_101' title='bbox 2318 1295 2361 1352; x_wconf 92' lang='lat' dir='ltr'>vi-</span> 
     </span>
     <span class='ocr_line' id='line_1_12' title="bbox 874 1373 2360 1512; baseline -0.001 -80"><span class='ocrx_word' id='word_1_102' title='bbox 874 1375 986 1512; x_wconf 51' lang='lat' dir='ltr'>geriam</span> <span class='ocrx_word' id='word_1_103' title='bbox 1007 1379 1046 1434; x_wconf 91' lang='lat' dir='ltr'>ad</span> <span class='ocrx_word' id='word_1_104' title='bbox 1067 1377 1164 1436; x_wconf 90' lang='lat' dir='ltr'>altare</span> <span class='ocrx_word' id='word_1_105' title='bbox 1184 1375 1213 1436; x_wconf 86' lang='lat' dir='ltr'>S.</span> <span class='ocrx_word' id='word_1_106' title='bbox 1228 1373 1353 1434; x_wconf 86' lang='lat' dir='ltr'>Antonii</span> <span class='ocrx_word' id='word_1_107' title='bbox 1375 1373 1464 1430; x_wconf 89' lang='lat' dir='ltr'>situm</span> <span class='ocrx_word' id='word_1_108' title='bbox 1486 1373 1594 1448; x_wconf 91' lang='lat' dir='ltr'>inpar.</span> <span class='ocrx_word' id='word_1_109' title='bbox 1617 1375 1687 1434; x_wconf 89' lang='lat' dir='ltr'>eccl.</span> <span class='ocrx_word' id='word_1_110' title='bbox 1709 1377 1811 1452; x_wconf 86' lang='lat' dir='ltr'>oppidi</span> <span class='ocrx_word' id='word_1_111' title='bbox 1826 1375 1962 1450; x_wconf 88' lang='lat' dir='ltr'>Kcmpen</span> <span class='ocrx_word' id='word_1_112' title='bbox 1985 1375 2084 1434; x_wconf 89' lang='lat' dir='ltr'>dictae</span> <span class='ocrx_word' id='word_1_113' title='bbox 2099 1373 2193 1430; x_wconf 90' lang='lat' dir='ltr'>dioec.</span> <span class='ocrx_word' id='word_1_114' title='bbox 2215 1373 2360 1430; x_wconf 87' lang='lat' dir='ltr'>conferat.</span> 
     </span>
     <span class='ocr_line' id='line_1_13' title="bbox 816 1529 2360 1606; baseline -0.002 -18"><span class='ocrx_word' id='word_1_115' title='bbox 816 1529 944 1606; x_wconf 85' lang='grc'>(16626)</span> <span class='ocrx_word' id='word_1_116' title='bbox 974 1533 1117 1592; x_wconf 89' lang='lat' dir='ltr'>Mauritic</span> <span class='ocrx_word' id='word_1_117' title='bbox 1140 1535 1176 1592; x_wconf 91' lang='lat' dir='ltr'>dc</span> <span class='ocrx_word' id='word_1_118' title='bbox 1196 1535 1312 1592; x_wconf 89' lang='lat' dir='ltr'>Huttcn</span> <span class='ocrx_word' id='word_1_119' title='bbox 1335 1547 1441 1590; x_wconf 88' lang='lat' dir='ltr'>canon.</span> <span class='ocrx_word' id='word_1_120' title='bbox 1464 1529 1617 1606; x_wconf 79' lang='lat' dir='ltr'>Eystctcn.</span> <span class='ocrx_word' id='word_1_121' title='bbox 1646 1531 1804 1590; x_wconf 86' lang='lat' dir='ltr'>confirmat</span> <span class='ocrx_word' id='word_1_122' title='bbox 1824 1531 1944 1604; x_wconf 88' lang='lat' dir='ltr'>literas,</span> <span class='ocrx_word' id='word_1_123' title='bbox 1973 1533 2083 1606; x_wconf 90' lang='lat' dir='ltr'>quibus</span> <span class='ocrx_word' id='word_1_124' title='bbox 2104 1529 2160 1606; x_wconf 90' lang='lat' dir='ltr'>ipsi</span> <span class='ocrx_word' id='word_1_125' title='bbox 2182 1529 2219 1588; x_wconf 94' lang='lat' dir='ltr'>de</span> <span class='ocrx_word' id='word_1_126' title='bbox 2240 1529 2360 1586; x_wconf 90' lang='lat' dir='ltr'>canoni-</span> 
     </span>
    </p>
   </div>
   <div class='ocr_carea' id='block_1_8' title="bbox 873 1609 2468 1688">
    <p class='ocr_par' dir='ltr' id='par_1_8' title="bbox 873 1609 2468 1688">
     <span class='ocr_line' id='line_1_14' title="bbox 873 1609 2468 1688; baseline -0.002 -20"><span class='ocrx_word' id='word_1_127' title='bbox 873 1615 943 1670; x_wconf 91' lang='lat' dir='ltr'>catu</span> <span class='ocrx_word' id='word_1_128' title='bbox 965 1613 994 1670; x_wconf 88' lang='grc'>61</span> <span class='ocrx_word' id='word_1_129' title='bbox 1014 1613 1117 1688; x_wconf 89' lang='lat' dir='ltr'>praeb.</span> <span class='ocrx_word' id='word_1_130' title='bbox 1141 1613 1211 1670; x_wconf 91' lang='grc'>6661.</span> <span class='ocrx_word' id='word_1_131' title='bbox 1231 1609 1437 1686; x_wconf 83' lang='lat' dir='ltr'>Herbipolen,</span> <span class='ocrx_word' id='word_1_132' title='bbox 1461 1625 1536 1686; x_wconf 91' lang='lat' dir='ltr'>qnos</span> <span class='ocrx_word' id='word_1_133' title='bbox 1559 1609 1706 1684; x_wconf 87' lang='lat' dir='ltr'>quondam</span> <span class='ocrx_word' id='word_1_134' title='bbox 1728 1611 1905 1670; x_wconf 88' lang='lat' dir='ltr'>Leonardus</span> <span class='ocrx_word' id='word_1_135' title='bbox 1928 1611 1964 1670; x_wconf 91' lang='lat' dir='ltr'>de</span> <span class='ocrx_word' id='word_1_136' title='bbox 1985 1609 2156 1688; x_wconf 81' lang='lat' dir='ltr'>Lglcfstain</span> <span class='ocrx_word' id='word_1_137' title='bbox 2177 1609 2358 1682; x_wconf 79' lang='lat' dir='ltr'>obtinuerat,</span> <span class='ocrx_word' id='word_1_138' title='bbox 2466 1681 2468 1688; x_wconf 16' lang='grc' dir='ltr'><strong><em>γ</em></strong></span> 
     </span>
    </p>
   </div>
   <div class='ocr_carea' id='block_1_9' title="bbox 813 1687 2433 3332">
    <p class='ocr_par' dir='ltr' id='par_1_9' title="bbox 875 1687 2360 1826">
     <span class='ocr_line' id='line_1_15' title="bbox 875 1687 2360 1794; baseline -0.002 -48"><span class='ocrx_word' id='word_1_139' title='bbox 875 1693 905 1748; x_wconf 90' lang='grc'>66</span> <span class='ocrx_word' id='word_1_140' title='bbox 926 1707 1008 1794; x_wconf 72' lang='grc' dir='ltr'>6666α</span> <span class='ocrx_word' id='word_1_141' title='bbox 1022 1689 1195 1748; x_wconf 81' lang='lat' dir='ltr'>Alexander</span> <span class='ocrx_word' id='word_1_142' title='bbox 1216 1707 1275 1748; x_wconf 93' lang='lat' dir='ltr'>von</span> <span class='ocrx_word' id='word_1_143' title='bbox 1297 1689 1349 1748; x_wconf 89' lang='lat' dir='ltr'>der</span> <span class='ocrx_word' id='word_1_144' title='bbox 1371 1687 1478 1748; x_wconf 90' lang='lat' dir='ltr'>Thann</span> <span class='ocrx_word' id='word_1_145' title='bbox 1508 1687 1572 1746; x_wconf 91' lang='lat' dir='ltr'>sine</span> <span class='ocrx_word' id='word_1_146' title='bbox 1592 1687 1638 1746; x_wconf 87' lang='lat' dir='ltr'>tit.</span> <span class='ocrx_word' id='word_1_147' title='bbox 1661 1687 1825 1760; x_wconf 89' lang='lat' dir='ltr'>detinebat,</span> <span class='ocrx_word' id='word_1_148' title='bbox 1846 1691 1998 1762; x_wconf 88' lang='lat' dir='ltr'>provideri</span> <span class='ocrx_word' id='word_1_149' title='bbox 2017 1691 2161 1764; x_wconf 88' lang='lat' dir='ltr'>jusserat.</span> <span class='ocrx_word' id='word_1_150' title='bbox 2194 1687 2360 1762; x_wconf 82' lang='lat' dir='ltr'>„Nobilitas</span> 
     </span>
     <span class='ocr_line' id='line_1_16' title="bbox 894 1769 1290 1826; baseline 0 0"><span class='ocrx_word' id='word_1_151' title='bbox 894 1769 991 1826; x_wconf 87' lang='lat' dir='ltr'>erroris</span> <span class='ocrx_word' id='word_1_152' title='bbox 1032 1769 1065 1826; x_wconf 90' lang='lat' dir='ltr'>L.</span> <span class='ocrx_word' id='word_1_153' title='bbox 1090 1771 1163 1826; x_wconf 84' lang='grc'>1666</span> <span class='ocrx_word' id='word_1_154' title='bbox 1184 1769 1204 1826; x_wconf 88' lang='lat' dir='ltr'>f.</span> <span class='ocrx_word' id='word_1_155' title='bbox 1225 1769 1290 1826; x_wconf 90' lang='grc'>233.</span> 
     </span>
    </p>

    <p class='ocr_par' dir='ltr' id='par_1_10' title="bbox 817 1785 2360 2062">
     <span class='ocr_line' id='line_1_17' title="bbox 817 1785 2360 1922; baseline 0.001 -20"><span class='ocrx_word' id='word_1_156' title='bbox 817 1785 945 1920; x_wconf 65' lang='grc'>(16126)</span> <span class='ocrx_word' id='word_1_157' title='bbox 977 1847 1098 1904; x_wconf 89' lang='lat' dir='ltr'>Tiberio</span> <span class='ocrx_word' id='word_1_158' title='bbox 1120 1847 1156 1904; x_wconf 90' lang='grc'>66</span> <span class='ocrx_word' id='word_1_159' title='bbox 1178 1841 1357 1906; x_wconf 79' lang='lat' dir='ltr'>castellanis</span> <span class='ocrx_word' id='word_1_160' title='bbox 1379 1843 1530 1918; x_wconf 87' lang='lat' dir='ltr'>obsequiis</span> <span class='ocrx_word' id='word_1_161' title='bbox 1551 1843 1706 1902; x_wconf 89' lang='lat' dir='ltr'>Laurentii</span> <span class='ocrx_word' id='word_1_162' title='bbox 1728 1843 1773 1904; x_wconf 91' lang='lat' dir='ltr'>tit.</span> <span class='ocrx_word' id='word_1_163' title='bbox 1796 1843 1845 1902; x_wconf 88' lang='lat' dir='ltr'>SS.</span> <span class='ocrx_word' id='word_1_164' title='bbox 1868 1843 2005 1910; x_wconf 86' lang='lat' dir='ltr'>Quatucr</span> <span class='ocrx_word' id='word_1_165' title='bbox 2027 1845 2135 1904; x_wconf 78' lang='lat' dir='ltr'>Soron.</span> <span class='ocrx_word' id='word_1_166' title='bbox 2156 1843 2256 1922; x_wconf 89' lang='lat' dir='ltr'>presb.</span> <span class='ocrx_word' id='word_1_167' title='bbox 2271 1843 2360 1904; x_wconf 82' lang='lat' dir='ltr'>Oard.</span> 
     </span>
     <span class='ocr_line' id='line_1_18' title="bbox 871 1921 2360 2000; baseline -0.001 -18"><span class='ocrx_word' id='word_1_168' title='bbox 871 1925 1022 1982; x_wconf 85' lang='lat' dir='ltr'>insistenti</span> <span class='ocrx_word' id='word_1_169' title='bbox 1043 1925 1161 1982; x_wconf 79' lang='lat' dir='ltr'>confert</span> <span class='ocrx_word' id='word_1_170' title='bbox 1182 1923 1315 1982; x_wconf 91' lang='lat' dir='ltr'>canonic.</span> <span class='ocrx_word' id='word_1_171' title='bbox 1337 1925 1366 1982; x_wconf 92' lang='lat' dir='ltr'>et</span> <span class='ocrx_word' id='word_1_172' title='bbox 1381 1925 1482 2000; x_wconf 89' lang='lat' dir='ltr'>pracb.</span> <span class='ocrx_word' id='word_1_173' title='bbox 1505 1921 1575 1982; x_wconf 90' lang='lat' dir='ltr'>eccl.</span> <span class='ocrx_word' id='word_1_174' title='bbox 1591 1921 1619 1980; x_wconf 91' lang='lat' dir='ltr'>S.</span> <span class='ocrx_word' id='word_1_175' title='bbox 1635 1921 1791 1982; x_wconf 79' lang='lat' dir='ltr'>Eustachii</span> <span class='ocrx_word' id='word_1_176' title='bbox 1814 1923 1849 1982; x_wconf 91' lang='lat' dir='ltr'>de</span> <span class='ocrx_word' id='word_1_177' title='bbox 1863 1923 1946 1982; x_wconf 90' lang='lat' dir='ltr'>Urbe</span> <span class='ocrx_word' id='word_1_178' title='bbox 1967 1925 2171 2000; x_wconf 83' lang='lat' dir='ltr'>resignatione</span> <span class='ocrx_word' id='word_1_179' title='bbox 2186 1925 2206 1982; x_wconf 86' lang='lat' dir='ltr'><strong>J</strong></span> <span class='ocrx_word' id='word_1_180' title='bbox 2210 1923 2256 1982; x_wconf 90' lang='lat' dir='ltr'>ch.</span> <span class='ocrx_word' id='word_1_181' title='bbox 2271 1923 2360 1982; x_wconf 88' lang='lat' dir='ltr'>Pauli</span> 
     </span>
     <span class='ocr_line' id='line_1_19' title="bbox 876 2001 1626 2062; baseline 0 -2"><span class='ocrx_word' id='word_1_182' title='bbox 876 2003 912 2060; x_wconf 92' lang='grc'>66</span> <span class='ocrx_word' id='word_1_183' title='bbox 932 2001 1136 2062; x_wconf 88' lang='lat' dir='ltr'>Barroncellis</span> <span class='ocrx_word' id='word_1_184' title='bbox 1157 2021 1221 2060; x_wconf 90' lang='lat' dir='ltr'>vac.</span> <span class='ocrx_word' id='word_1_185' title='bbox 1243 2001 1278 2060; x_wconf 78' lang='lat' dir='ltr'>fi.</span> <span class='ocrx_word' id='word_1_186' title='bbox 1300 2001 1332 2060; x_wconf 84' lang='lat' dir='ltr'>F.</span> <span class='ocrx_word' id='word_1_187' title='bbox 1364 2003 1398 2060; x_wconf 90' lang='lat' dir='ltr'>L.</span> <span class='ocrx_word' id='word_1_188' title='bbox 1422 2003 1495 2060; x_wconf 83' lang='lat'>1029</span> <span class='ocrx_word' id='word_1_189' title='bbox 1517 2003 1537 2060; x_wconf 88' lang='lat' dir='ltr'>f.</span> <span class='ocrx_word' id='word_1_190' title='bbox 1563 2003 1626 2060; x_wconf 90' lang='grc'>162.</span> 
     </span>
    </p>

    <p class='ocr_par' dir='ltr' id='par_1_11' title="bbox 816 2079 2361 2628">
     <span class='ocr_line' id='line_1_20' title="bbox 816 2079 2361 2156; baseline 0 -18"><span class='ocrx_word' id='word_1_191' title='bbox 816 2079 944 2154; x_wconf 85' lang='grc'>(16621)</span> <span class='ocrx_word' id='word_1_192' title='bbox 976 2081 1176 2142; x_wconf 84' lang='lat' dir='ltr'>Ocnsiderans</span> <span class='ocrx_word' id='word_1_193' title='bbox 1196 2081 1318 2138; x_wconf 90' lang='lat' dir='ltr'>honoris</span> <span class='ocrx_word' id='word_1_194' title='bbox 1340 2085 1370 2138; x_wconf 93' lang='grc'>61</span> <span class='ocrx_word' id='word_1_195' title='bbox 1393 2081 1546 2156; x_wconf 79' lang='lat' dir='ltr'>dignitatis</span> <span class='ocrx_word' id='word_1_196' title='bbox 1567 2081 1650 2138; x_wconf 85' lang='lat' dir='ltr'>Rom.</span> <span class='ocrx_word' id='word_1_197' title='bbox 1672 2079 1827 2138; x_wconf 88' lang='lat' dir='ltr'>Pontificis</span> <span class='ocrx_word' id='word_1_198' title='bbox 1846 2099 1907 2138; x_wconf 93' lang='lat' dir='ltr'>non</span> <span class='ocrx_word' id='word_1_199' title='bbox 1928 2081 2118 2138; x_wconf 88' lang='lat' dir='ltr'>mediocriter</span> <span class='ocrx_word' id='word_1_200' title='bbox 2139 2081 2295 2150; x_wconf 88' lang='lat' dir='ltr'>interesse,</span> <span class='ocrx_word' id='word_1_201' title='bbox 2327 2083 2361 2138; x_wconf 93' lang='grc'>66</span> 
     </span>
     <span class='ocr_line' id='line_1_21' title="bbox 875 2158 2361 2236; baseline 0 -20"><span class='ocrx_word' id='word_1_202' title='bbox 875 2159 939 2234; x_wconf 83' lang='lat' dir='ltr'>ejus</span> <span class='ocrx_word' id='word_1_203' title='bbox 961 2159 1125 2216; x_wconf 84' lang='lat' dir='ltr'>familiares</span> <span class='ocrx_word' id='word_1_204' title='bbox 1140 2177 1175 2218; x_wconf 90' lang='lat' dir='ltr'>ac</span> <span class='ocrx_word' id='word_1_205' title='bbox 1190 2159 1318 2218; x_wconf 90' lang='lat' dir='ltr'>ministri</span> <span class='ocrx_word' id='word_1_206' title='bbox 1334 2159 1501 2232; x_wconf 89' lang='lat' dir='ltr'>domestici,</span> <span class='ocrx_word' id='word_1_207' title='bbox 1517 2161 1677 2236; x_wconf 90' lang='lat' dir='ltr'>praecipue</span> <span class='ocrx_word' id='word_1_208' title='bbox 1692 2159 1878 2230; x_wconf 88' lang='lat' dir='ltr'>cubicularii,</span> <span class='ocrx_word' id='word_1_209' title='bbox 1900 2177 2029 2232; x_wconf 87' lang='lat' dir='ltr'>quorum</span> <span class='ocrx_word' id='word_1_210' title='bbox 2044 2177 2130 2218; x_wconf 91' lang='lat' dir='ltr'>usum</span> <span class='ocrx_word' id='word_1_211' title='bbox 2147 2159 2183 2216; x_wconf 90' lang='lat' dir='ltr'>ab</span> <span class='ocrx_word' id='word_1_212' title='bbox 2198 2158 2361 2234; x_wconf 88' lang='lat' dir='ltr'>imperialis</span> 
     </span>
     <span class='ocr_line' id='line_1_22' title="bbox 873 2237 2361 2312; baseline -0.001 -16"><span class='ocrx_word' id='word_1_213' title='bbox 873 2241 954 2296; x_wconf 90' lang='lat' dir='ltr'>vitae</span> <span class='ocrx_word' id='word_1_214' title='bbox 974 2237 1073 2294; x_wconf 89' lang='lat' dir='ltr'>nitore</span> <span class='ocrx_word' id='word_1_215' title='bbox 1095 2239 1132 2294; x_wconf 92' lang='lat' dir='ltr'>ad</span> <span class='ocrx_word' id='word_1_216' title='bbox 1154 2237 1337 2312; x_wconf 88' lang='lat' dir='ltr'>apostolicae</span> <span class='ocrx_word' id='word_1_217' title='bbox 1364 2237 1533 2312; x_wconf 86' lang='lat' dir='ltr'>majestatis</span> <span class='ocrx_word' id='word_1_218' title='bbox 1562 2243 1700 2294; x_wconf 89' lang='lat' dir='ltr'>ornatum</span> <span class='ocrx_word' id='word_1_219' title='bbox 1721 2237 1853 2294; x_wconf 88' lang='lat' dir='ltr'>Leonem</span> <span class='ocrx_word' id='word_1_220' title='bbox 1874 2237 1931 2294; x_wconf 90' lang='grc' dir='ltr'>ΡΡ.</span> <span class='ocrx_word' id='word_1_221' title='bbox 1953 2237 1978 2294; x_wconf 94' lang='lat' dir='ltr'>I.</span> <span class='ocrx_word' id='word_1_222' title='bbox 2006 2237 2203 2312; x_wconf 85' lang='lat' dir='ltr'>assumpsisse</span> <span class='ocrx_word' id='word_1_223' title='bbox 2232 2239 2361 2308; x_wconf 89' lang='lat' dir='ltr'>constat,</span> 
     </span>
     <span class='ocr_line' id='line_1_23' title="bbox 875 2313 2356 2392; baseline 0 -20"><span class='ocrx_word' id='word_1_224' title='bbox 875 2319 904 2374; x_wconf 91' lang='grc'>66</span> <span class='ocrx_word' id='word_1_225' title='bbox 926 2315 1071 2386; x_wconf 88' lang='lat' dir='ltr'>scutiferi,</span> <span class='ocrx_word' id='word_1_226' title='bbox 1094 2335 1221 2392; x_wconf 90' lang='lat' dir='ltr'>quorum</span> <span class='ocrx_word' id='word_1_227' title='bbox 1242 2315 1413 2390; x_wconf 87' lang='lat' dir='ltr'>praesentia</span> <span class='ocrx_word' id='word_1_228' title='bbox 1435 2321 1464 2374; x_wconf 91' lang='lat' dir='ltr'>et</span> <span class='ocrx_word' id='word_1_229' title='bbox 1486 2317 1637 2390; x_wconf 86' lang='lat' dir='ltr'>obsequiis</span> <span class='ocrx_word' id='word_1_230' title='bbox 1657 2315 1800 2372; x_wconf 84' lang='lat' dir='ltr'>Pontifex</span> <span class='ocrx_word' id='word_1_231' title='bbox 1829 2321 1889 2374; x_wconf 89' lang='lat' dir='ltr'>tam</span> <span class='ocrx_word' id='word_1_232' title='bbox 1915 2315 1946 2372; x_wconf 90' lang='lat' dir='ltr'>in</span> <span class='ocrx_word' id='word_1_233' title='bbox 1972 2313 2136 2374; x_wconf 87' lang='lat' dir='ltr'>honorifice</span> <span class='ocrx_word' id='word_1_234' title='bbox 2158 2315 2356 2390; x_wconf 86' lang='lat' dir='ltr'>suscipiendis</span> 
     </span>
     <span class='ocr_line' id='line_1_24' title="bbox 873 2393 2356 2470; baseline -0.001 -18"><span class='ocrx_word' id='word_1_235' title='bbox 873 2399 903 2452; x_wconf 92' lang='lat' dir='ltr'>et</span> <span class='ocrx_word' id='word_1_236' title='bbox 925 2399 1095 2470; x_wconf 86' lang='lat' dir='ltr'>opportune</span> <span class='ocrx_word' id='word_1_237' title='bbox 1123 2395 1161 2450; x_wconf 89' lang='lat' dir='ltr'>ad</span> <span class='ocrx_word' id='word_1_238' title='bbox 1183 2413 1214 2452; x_wconf 89' lang='grc'>66</span> <span class='ocrx_word' id='word_1_239' title='bbox 1234 2393 1460 2452; x_wconf 87' lang='lat' dir='ltr'>introducendis</span> <span class='ocrx_word' id='word_1_240' title='bbox 1481 2395 1595 2468; x_wconf 82' lang='lat' dir='ltr'>Regum</span> <span class='ocrx_word' id='word_1_241' title='bbox 1620 2399 1649 2452; x_wconf 91' lang='grc'>66</span> <span class='ocrx_word' id='word_1_242' title='bbox 1670 2393 1841 2468; x_wconf 88' lang='lat' dir='ltr'>Principum</span> <span class='ocrx_word' id='word_1_243' title='bbox 1864 2393 2043 2452; x_wconf 88' lang='lat' dir='ltr'>Oratoribus</span> <span class='ocrx_word' id='word_1_244' title='bbox 2070 2395 2100 2452; x_wconf 92' lang='lat' dir='ltr'>ct</span> <span class='ocrx_word' id='word_1_245' title='bbox 2127 2393 2193 2450; x_wconf 89' lang='lat' dir='ltr'>aliis</span> <span class='ocrx_word' id='word_1_246' title='bbox 2221 2393 2356 2468; x_wconf 87' lang='lat' dir='ltr'>personis</span> 
     </span>
     <span class='ocr_line' id='line_1_25' title="bbox 875 2471 2358 2550; baseline -0.003 -18"><span class='ocrx_word' id='word_1_247' title='bbox 875 2491 964 2550; x_wconf 89' lang='lat' dir='ltr'>qnam</span> <span class='ocrx_word' id='word_1_248' title='bbox 987 2471 1062 2530; x_wconf 92' lang='grc'>61166</span> <span class='ocrx_word' id='word_1_249' title='bbox 1085 2473 1164 2532; x_wconf 89' lang='lat' dir='ltr'>domi</span> <span class='ocrx_word' id='word_1_250' title='bbox 1184 2473 1317 2546; x_wconf 88' lang='lat' dir='ltr'>forisque</span> <span class='ocrx_word' id='word_1_251' title='bbox 1340 2473 1460 2532; x_wconf 80' lang='lat' dir='ltr'>assidue</span> <span class='ocrx_word' id='word_1_252' title='bbox 1479 2473 1591 2546; x_wconf 87' lang='lat' dir='ltr'>utitur,</span> <span class='ocrx_word' id='word_1_253' title='bbox 1620 2471 1677 2532; x_wconf 87' lang='lat' dir='ltr'>viri</span> <span class='ocrx_word' id='word_1_254' title='bbox 1697 2491 1757 2528; x_wconf 90' lang='grc'>666</span> <span class='ocrx_word' id='word_1_255' title='bbox 1780 2473 1870 2530; x_wconf 88' lang='lat' dir='ltr'>modo</span> <span class='ocrx_word' id='word_1_256' title='bbox 1895 2473 1978 2530; x_wconf 90' lang='grc'>61666</span> <span class='ocrx_word' id='word_1_257' title='bbox 1997 2473 2158 2530; x_wconf 90' lang='lat' dir='ltr'>honestate</span> <span class='ocrx_word' id='word_1_258' title='bbox 2186 2489 2221 2528; x_wconf 89' lang='lat' dir='ltr'>ao</span> <span class='ocrx_word' id='word_1_259' title='bbox 2240 2489 2358 2528; x_wconf 91' lang='lat' dir='ltr'>morum</span> 
     </span>
     <span class='ocr_line' id='line_1_26' title="bbox 875 2549 2357 2628; baseline -0.003 -18"><span class='ocrx_word' id='word_1_260' title='bbox 875 2557 983 2612; x_wconf 88' lang='lat' dir='ltr'>ornatu</span> <span class='ocrx_word' id='word_1_261' title='bbox 1007 2553 1176 2628; x_wconf 82' lang='lat' dir='ltr'>conspicui,</span> <span class='ocrx_word' id='word_1_262' title='bbox 1202 2569 1304 2610; x_wconf 90' lang='lat' dir='ltr'>verum</span> <span class='ocrx_word' id='word_1_263' title='bbox 1328 2553 1420 2608; x_wconf 86' lang='lat' dir='ltr'>etiam</span> <span class='ocrx_word' id='word_1_264' title='bbox 1441 2571 1539 2610; x_wconf 90' lang='lat' dir='ltr'>rernm</span> <span class='ocrx_word' id='word_1_265' title='bbox 1569 2553 1606 2610; x_wconf 90' lang='grc'>66</span> <span class='ocrx_word' id='word_1_266' title='bbox 1628 2571 1714 2610; x_wconf 88' lang='lat' dir='ltr'>sunm</span> <span class='ocrx_word' id='word_1_267' title='bbox 1736 2549 1869 2608; x_wconf 88' lang='lat' dir='ltr'>officium</span> <span class='ocrx_word' id='word_1_268' title='bbox 1888 2549 2105 2626; x_wconf 88' lang='lat' dir='ltr'>pertinentium</span> <span class='ocrx_word' id='word_1_269' title='bbox 2126 2555 2266 2624; x_wconf 87' lang='lat' dir='ltr'>expertes</span> <span class='ocrx_word' id='word_1_270' title='bbox 2288 2551 2357 2624; x_wconf 89' lang='lat' dir='ltr'>sint,</span> 
     </span>
    </p>

    <p class='ocr_par' dir='ltr' id='par_1_12' title="bbox 813 2627 2433 3332">
     <span class='ocr_line' id='line_1_27' title="bbox 813 2627 2358 2708; baseline -0.004 -18"><span class='ocrx_word' id='word_1_271' title='bbox 813 2673 815 2678; x_wconf 88' lang='lat'>-</span> <span class='ocrx_word' id='word_1_272' title='bbox 875 2631 954 2708; x_wconf 89' lang='lat' dir='ltr'>quod</span> <span class='ocrx_word' id='word_1_273' title='bbox 969 2633 1006 2690; x_wconf 92' lang='lat' dir='ltr'>ob</span> <span class='ocrx_word' id='word_1_274' title='bbox 1023 2631 1198 2708; x_wconf 88' lang='lat' dir='ltr'>frequentes</span> <span class='ocrx_word' id='word_1_275' title='bbox 1208 2629 1290 2690; x_wconf 91' lang='lat' dir='ltr'>Sedis</span> <span class='ocrx_word' id='word_1_276' title='bbox 1298 2627 1406 2704; x_wconf 90' lang='lat' dir='ltr'>Apost.</span> <span class='ocrx_word' id='word_1_277' title='bbox 1420 2631 1592 2688; x_wconf 87' lang='lat' dir='ltr'>vacationes</span> <span class='ocrx_word' id='word_1_278' title='bbox 1604 2635 1634 2690; x_wconf 88' lang='lat' dir='ltr'>et</span> <span class='ocrx_word' id='word_1_279' title='bbox 1644 2633 1764 2690; x_wconf 88' lang='lat' dir='ltr'>crebras</span> <span class='ocrx_word' id='word_1_280' title='bbox 1782 2647 1820 2686; x_wconf 87' lang='lat' dir='ltr'>cx</span> <span class='ocrx_word' id='word_1_281' title='bbox 1831 2629 1873 2686; x_wconf 89' lang='lat' dir='ltr'>cis</span> <span class='ocrx_word' id='word_1_282' title='bbox 1882 2629 2093 2702; x_wconf 88' lang='lat' dir='ltr'>provenientes</span> <span class='ocrx_word' id='word_1_283' title='bbox 2105 2627 2358 2688; x_wconf 87' lang='lat' dir='ltr'>cubiculariorum</span> 
     </span>
     <span class='ocr_line' id='line_1_28' title="bbox 875 2705 2360 2784; baseline -0.003 -16"><span class='ocrx_word' id='word_1_284' title='bbox 875 2715 903 2768; x_wconf 91' lang='lat' dir='ltr'>ct</span> <span class='ocrx_word' id='word_1_285' title='bbox 920 2709 1132 2768; x_wconf 88' lang='lat' dir='ltr'>scutiferorum</span> <span class='ocrx_word' id='word_1_286' title='bbox 1154 2707 1352 2784; x_wconf 88' lang='lat' dir='ltr'>palatinorum</span> <span class='ocrx_word' id='word_1_287' title='bbox 1374 2709 1556 2766; x_wconf 86' lang='lat' dir='ltr'>mutationes</span> <span class='ocrx_word' id='word_1_288' title='bbox 1572 2727 1635 2766; x_wconf 86' lang='grc'>6666</span> <span class='ocrx_word' id='word_1_289' title='bbox 1655 2725 1715 2764; x_wconf 90' lang='grc'>666</span> <span class='ocrx_word' id='word_1_290' title='bbox 1736 2711 1845 2782; x_wconf 91' lang='lat' dir='ltr'>potest,</span> <span class='ocrx_word' id='word_1_291' title='bbox 1867 2709 1924 2766; x_wconf 89' lang='lat' dir='ltr'>nisi</span> <span class='ocrx_word' id='word_1_292' title='bbox 1945 2711 2046 2766; x_wconf 89' lang='lat' dir='ltr'>certus</span> <span class='ocrx_word' id='word_1_293' title='bbox 2066 2705 2175 2784; x_wconf 87' lang='lat' dir='ltr'>aliquis</span> <span class='ocrx_word' id='word_1_294' title='bbox 2196 2705 2360 2782; x_wconf 86' lang='lat' dir='ltr'>firmusque</span> 
     </span>
     <span class='ocr_line' id='line_1_29' title="bbox 874 2783 2360 2860; baseline -0.003 -14"><span class='ocrx_word' id='word_1_295' title='bbox 874 2789 1053 2846; x_wconf 88' lang='lat' dir='ltr'>instituatur</span> <span class='ocrx_word' id='word_1_296' title='bbox 1073 2805 1218 2846; x_wconf 88' lang='lat' dir='ltr'>numerus</span> <span class='ocrx_word' id='word_1_297' title='bbox 1239 2785 1493 2845; x_wconf 86' lang='lat' dir='ltr'>cubiculariorum</span> <span class='ocrx_word' id='word_1_298' title='bbox 1517 2789 1545 2844; x_wconf 90' lang='lat' dir='ltr'>et</span> <span class='ocrx_word' id='word_1_299' title='bbox 1567 2785 1788 2858; x_wconf 88' lang='lat' dir='ltr'>scutiferorum,</span> <span class='ocrx_word' id='word_1_300' title='bbox 1812 2785 1863 2860; x_wconf 91' lang='grc'>661</span> <span class='ocrx_word' id='word_1_301' title='bbox 1883 2787 2023 2860; x_wconf 88' lang='lat' dir='ltr'>perpetui</span> <span class='ocrx_word' id='word_1_302' title='bbox 2045 2787 2112 2858; x_wconf 89' lang='lat' dir='ltr'>sint,</span> <span class='ocrx_word' id='word_1_303' title='bbox 2135 2785 2250 2858; x_wconf 87' lang='lat' dir='ltr'>statuit,</span> <span class='ocrx_word' id='word_1_304' title='bbox 2273 2783 2302 2856; x_wconf 91' lang='grc'>6)</span> <span class='ocrx_word' id='word_1_305' title='bbox 2326 2789 2360 2840; x_wconf 90' lang='grc'>66</span> 
     </span>
     <span class='ocr_line' id='line_1_30' title="bbox 875 2861 2361 2940; baseline -0.004 -16"><span class='ocrx_word' id='word_1_306' title='bbox 875 2867 1128 2924; x_wconf 86' lang='lat' dir='ltr'>cubiculariorum</span> <span class='ocrx_word' id='word_1_307' title='bbox 1151 2865 1307 2940; x_wconf 86' lang='lat' dir='ltr'>sexaginta</span> <span class='ocrx_word' id='word_1_308' title='bbox 1334 2867 1364 2922; x_wconf 92' lang='lat' dir='ltr'>et</span> <span class='ocrx_word' id='word_1_309' title='bbox 1385 2865 1598 2924; x_wconf 87' lang='lat' dir='ltr'>scutiferorum</span> <span class='ocrx_word' id='word_1_310' title='bbox 1619 2863 1742 2922; x_wconf 88' lang='lat' dir='ltr'>honoris</span> <span class='ocrx_word' id='word_1_311' title='bbox 1762 2867 2007 2938; x_wconf 84' lang='lat' dir='ltr'>nuncupatorum</span> <span class='ocrx_word' id='word_1_312' title='bbox 2028 2881 2190 2936; x_wconf 86' lang='lat' dir='ltr'>numerus,</span> <span class='ocrx_word' id='word_1_313' title='bbox 2219 2863 2271 2936; x_wconf 89' lang='lat' dir='ltr'>qni</span> <span class='ocrx_word' id='word_1_314' title='bbox 2299 2861 2361 2918; x_wconf 93' lang='lat' dir='ltr'>col-</span> 
     </span>
     <span class='ocr_line' id='line_1_31' title="bbox 874 2937 2361 3020; baseline -0.004 -18"><span class='ocrx_word' id='word_1_315' title='bbox 874 2945 953 3020; x_wconf 90' lang='lat' dir='ltr'>legia</span> <span class='ocrx_word' id='word_1_316' title='bbox 974 2945 1053 3002; x_wconf 88' lang='lat' dir='ltr'>inter</span> <span class='ocrx_word' id='word_1_317' title='bbox 1075 2963 1107 3002; x_wconf 89' lang='lat' dir='ltr'>se</span> <span class='ocrx_word' id='word_1_318' title='bbox 1127 2943 1292 3018; x_wconf 84' lang='lat' dir='ltr'>respective</span> <span class='ocrx_word' id='word_1_319' title='bbox 1313 2943 1517 3016; x_wconf 88' lang='lat' dir='ltr'>constituant,</span> <span class='ocrx_word' id='word_1_320' title='bbox 1546 2947 1665 3000; x_wconf 91' lang='lat' dir='ltr'>centum</span> <span class='ocrx_word' id='word_1_321' title='bbox 1689 2943 1889 3018; x_wconf 87' lang='lat' dir='ltr'>quadraginta</span> <span class='ocrx_word' id='word_1_322' title='bbox 1909 2961 1970 3000; x_wconf 91' lang='lat' dir='ltr'>non</span> <span class='ocrx_word' id='word_1_323' title='bbox 1992 2943 2136 3014; x_wconf 80' lang='lat' dir='ltr'>excedat3</span> <span class='ocrx_word' id='word_1_324' title='bbox 2166 2937 2197 3012; x_wconf 88' lang='grc'>6)</span> <span class='ocrx_word' id='word_1_325' title='bbox 2216 2945 2250 2998; x_wconf 87' lang='grc'>61</span> <span class='ocrx_word' id='word_1_326' title='bbox 2271 2939 2361 2998; x_wconf 90' lang='lat' dir='ltr'>iidem</span> 
     </span>
     <span class='ocr_line' id='line_1_32' title="bbox 874 3021 2361 3096; baseline -0.003 -16"><span class='ocrx_word' id='word_1_327' title='bbox 874 3041 934 3080; x_wconf 90' lang='lat' dir='ltr'>non</span> <span class='ocrx_word' id='word_1_328' title='bbox 955 3023 1130 3080; x_wconf 90' lang='lat' dir='ltr'>amovibiles</span> <span class='ocrx_word' id='word_1_329' title='bbox 1152 3021 1221 3096; x_wconf 92' lang='lat' dir='ltr'>sint,</span> <span class='ocrx_word' id='word_1_330' title='bbox 1244 3021 1295 3078; x_wconf 86' lang='lat' dir='ltr'>sed</span> <span class='ocrx_word' id='word_1_331' title='bbox 1317 3021 1413 3080; x_wconf 89' lang='lat' dir='ltr'>donec</span> <span class='ocrx_word' id='word_1_332' title='bbox 1432 3023 1566 3096; x_wconf 90' lang='lat' dir='ltr'>ipsorum</span> <span class='ocrx_word' id='word_1_333' title='bbox 1585 3021 1652 3078; x_wconf 87' lang='lat' dir='ltr'>loca</span> <span class='ocrx_word' id='word_1_334' title='bbox 1680 3039 1733 3096; x_wconf 90' lang='lat' dir='ltr'>per</span> <span class='ocrx_word' id='word_1_335' title='bbox 1754 3039 1871 3078; x_wconf 90' lang='lat' dir='ltr'>cessum</span> <span class='ocrx_word' id='word_1_336' title='bbox 1898 3021 1947 3080; x_wconf 88' lang='lat' dir='ltr'>vel</span> <span class='ocrx_word' id='word_1_337' title='bbox 1974 3021 2129 3080; x_wconf 90' lang='lat' dir='ltr'>decessum</span> <span class='ocrx_word' id='word_1_338' title='bbox 2150 3023 2268 3092; x_wconf 89' lang='lat' dir='ltr'>vacent,</span> <span class='ocrx_word' id='word_1_339' title='bbox 2295 3037 2361 3094; x_wconf 91' lang='lat' dir='ltr'>per-</span> 
     </span>
     <span class='ocr_line' id='line_1_33' title="bbox 875 3097 2433 3176; baseline -0.003 -18"><span class='ocrx_word' id='word_1_340' title='bbox 875 3101 958 3176; x_wconf 88' lang='lat' dir='ltr'>petui</span> <span class='ocrx_word' id='word_1_341' title='bbox 980 3101 1121 3174; x_wconf 89' lang='lat' dir='ltr'>existant,</span> <span class='ocrx_word' id='word_1_342' title='bbox 1145 3103 1174 3158; x_wconf 92' lang='lat' dir='ltr'>et</span> <span class='ocrx_word' id='word_1_343' title='bbox 1194 3101 1225 3158; x_wconf 89' lang='lat' dir='ltr'>in</span> <span class='ocrx_word' id='word_1_344' title='bbox 1245 3099 1416 3158; x_wconf 88' lang='lat' dir='ltr'>cedentium</span> <span class='ocrx_word' id='word_1_345' title='bbox 1436 3097 1484 3156; x_wconf 93' lang='lat' dir='ltr'>vel</span> <span class='ocrx_word' id='word_1_346' title='bbox 1499 3099 1707 3158; x_wconf 88' lang='lat' dir='ltr'>decedentium</span> <span class='ocrx_word' id='word_1_347' title='bbox 1719 3099 1794 3158; x_wconf 87' lang='lat' dir='ltr'>locis</span> <span class='ocrx_word' id='word_1_348' title='bbox 1817 3097 1868 3156; x_wconf 90' lang='lat' dir='ltr'>alii</span> <span class='ocrx_word' id='word_1_349' title='bbox 1887 3099 1991 3156; x_wconf 87' lang='lat' dir='ltr'>eadem</span> <span class='ocrx_word' id='word_1_350' title='bbox 2006 3097 2209 3176; x_wconf 89' lang='lat' dir='ltr'>perpetuitate</span> <span class='ocrx_word' id='word_1_351' title='bbox 2223 3097 2361 3154; x_wconf 88' lang='lat' dir='ltr'>fruentes</span> <span class='ocrx_word' id='word_1_352' title='bbox 2429 3129 2433 3142; x_wconf 82' lang='lat'><strong>.</strong></span> 
     </span>
     <span class='ocr_line' id='line_1_34' title="bbox 875 3175 2361 3254; baseline -0.003 -18"><span class='ocrx_word' id='word_1_353' title='bbox 875 3181 1092 3254; x_wconf 82' lang='lat' dir='ltr'>surrogcntur3</span> <span class='ocrx_word' id='word_1_354' title='bbox 1123 3177 1150 3248; x_wconf 92' lang='grc'>6)</span> <span class='ocrx_word' id='word_1_355' title='bbox 1171 3181 1206 3236; x_wconf 93' lang='grc'>66</span> <span class='ocrx_word' id='word_1_356' title='bbox 1226 3177 1362 3254; x_wconf 87' lang='lat' dir='ltr'>proprias</span> <span class='ocrx_word' id='word_1_357' title='bbox 1385 3177 1555 3236; x_wconf 89' lang='lat' dir='ltr'>mansiones</span> <span class='ocrx_word' id='word_1_358' title='bbox 1583 3177 1689 3234; x_wconf 89' lang='lat' dir='ltr'>saltem</span> <span class='ocrx_word' id='word_1_359' title='bbox 1710 3195 1800 3234; x_wconf 88' lang='lat' dir='ltr'>unam</span> <span class='ocrx_word' id='word_1_360' title='bbox 1823 3197 1876 3252; x_wconf 91' lang='lat' dir='ltr'>pro</span> <span class='ocrx_word' id='word_1_361' title='bbox 1899 3195 2020 3254; x_wconf 87' lang='lat' dir='ltr'>quoque</span> <span class='ocrx_word' id='word_1_362' title='bbox 2050 3175 2176 3250; x_wconf 89' lang='lat' dir='ltr'>collegio</span> <span class='ocrx_word' id='word_1_363' title='bbox 2196 3175 2228 3232; x_wconf 92' lang='lat' dir='ltr'>in</span> <span class='ocrx_word' id='word_1_364' title='bbox 2248 3175 2361 3250; x_wconf 88' lang='lat' dir='ltr'>palatio</span> 
     </span>
     <span class='ocr_line' id='line_1_35' title="bbox 875 3253 2363 3332; baseline -0.002 -18"><span class='ocrx_word' id='word_1_365' title='bbox 875 3263 970 3332; x_wconf 92' lang='lat' dir='ltr'>apost.</span> <span class='ocrx_word' id='word_1_366' title='bbox 992 3257 1125 3316; x_wconf 89' lang='lat' dir='ltr'>habeant</span> <span class='ocrx_word' id='word_1_367' title='bbox 1153 3261 1182 3314; x_wconf 90' lang='lat' dir='ltr'>et</span> <span class='ocrx_word' id='word_1_368' title='bbox 1203 3255 1368 3314; x_wconf 87' lang='lat' dir='ltr'>custodiam</span> <span class='ocrx_word' id='word_1_369' title='bbox 1399 3255 1504 3314; x_wconf 87' lang='lat' dir='ltr'>diebus</span> <span class='ocrx_word' id='word_1_370' title='bbox 1526 3255 1650 3330; x_wconf 90' lang='lat' dir='ltr'>singulis</span> <span class='ocrx_word' id='word_1_371' title='bbox 1677 3255 1766 3314; x_wconf 89' lang='lat' dir='ltr'>videl.</span> <span class='ocrx_word' id='word_1_372' title='bbox 1788 3255 1967 3314; x_wconf 88' lang='lat' dir='ltr'>cubicularii</span> <span class='ocrx_word' id='word_1_373' title='bbox 1994 3273 2048 3332; x_wconf 87' lang='lat' dir='ltr'>per</span> <span class='ocrx_word' id='word_1_374' title='bbox 2069 3255 2144 3312; x_wconf 90' lang='lat' dir='ltr'>duos</span> <span class='ocrx_word' id='word_1_375' title='bbox 2175 3257 2205 3312; x_wconf 93' lang='lat' dir='ltr'>et</span> <span class='ocrx_word' id='word_1_376' title='bbox 2226 3253 2363 3312; x_wconf 86' lang='lat' dir='ltr'>scutiferi</span> 
     </span>
    </p>
   </div>
   <div class='ocr_carea' id='block_1_10' title="bbox 782 3331 2363 3412">
    <p class='ocr_par' dir='ltr' id='par_1_13' title="bbox 782 3331 2363 3412">
     <span class='ocr_line' id='line_1_36' title="bbox 782 3331 2363 3412; baseline -0.003 -19"><span class='ocrx_word' id='word_1_377' title='bbox 782 3389 784 3394; x_wconf 87' lang='lat'><strong>.</strong></span> <span class='ocrx_word' id='word_1_378' title='bbox 874 3355 928 3412; x_wconf 92' lang='lat' dir='ltr'>per</span> <span class='ocrx_word' id='word_1_379' title='bbox 949 3337 1081 3410; x_wconf 89' lang='lat' dir='ltr'>quatuor</span> <span class='ocrx_word' id='word_1_380' title='bbox 1103 3341 1156 3392; x_wconf 90' lang='grc'>661</span> <span class='ocrx_word' id='word_1_381' title='bbox 1175 3335 1276 3410; x_wconf 88' lang='lat' dir='ltr'>plures</span> <span class='ocrx_word' id='word_1_382' title='bbox 1298 3353 1337 3392; x_wconf 88' lang='lat' dir='ltr'>ex</span> <span class='ocrx_word' id='word_1_383' title='bbox 1358 3335 1410 3406; x_wconf 91' lang='lat' dir='ltr'>eis,</span> <span class='ocrx_word' id='word_1_384' title='bbox 1432 3337 1523 3408; x_wconf 89' lang='lat' dir='ltr'>prout</span> <span class='ocrx_word' id='word_1_385' title='bbox 1543 3339 1711 3408; x_wconf 90' lang='lat' dir='ltr'>temporum</span> <span class='ocrx_word' id='word_1_386' title='bbox 1733 3335 1898 3392; x_wconf 88' lang='lat' dir='ltr'>necessitas</span> <span class='ocrx_word' id='word_1_387' title='bbox 1921 3335 2032 3410; x_wconf 85' lang='lat' dir='ltr'>exigat,</span> <span class='ocrx_word' id='word_1_388' title='bbox 2055 3349 2136 3390; x_wconf 88' lang='lat' dir='ltr'>more</span> <span class='ocrx_word' id='word_1_389' title='bbox 2159 3333 2257 3404; x_wconf 91' lang='lat' dir='ltr'>solito,</span> <span class='ocrx_word' id='word_1_390' title='bbox 2280 3331 2363 3392; x_wconf 88' lang='lat' dir='ltr'>enbi-</span> 
     </span>
    </p>
   </div>
   <div class='ocr_carea' id='block_1_11' title="bbox 873 3411 2366 4034">
    <p class='ocr_par' dir='ltr' id='par_1_14' title="bbox 873 3411 2366 4034">
     <span class='ocr_line' id='line_1_37' title="bbox 874 3411 2363 3488; baseline -0.002 -17"><span class='ocrx_word' id='word_1_391' title='bbox 874 3413 981 3472; x_wconf 91' lang='lat' dir='ltr'>cularii</span> <span class='ocrx_word' id='word_1_392' title='bbox 1003 3413 1121 3488; x_wconf 86' lang='lat' dir='ltr'>quidem</span> <span class='ocrx_word' id='word_1_393' title='bbox 1143 3413 1236 3488; x_wconf 89' lang='lat' dir='ltr'>intra,</span> <span class='ocrx_word' id='word_1_394' title='bbox 1265 3413 1402 3470; x_wconf 87' lang='lat' dir='ltr'>scutiferi</span> <span class='ocrx_word' id='word_1_395' title='bbox 1430 3431 1500 3470; x_wconf 89' lang='lat' dir='ltr'>vero</span> <span class='ocrx_word' id='word_1_396' title='bbox 1529 3415 1615 3470; x_wconf 90' lang='lat' dir='ltr'>extra</span> <span class='ocrx_word' id='word_1_397' title='bbox 1636 3413 1824 3484; x_wconf 89' lang='lat' dir='ltr'>cubiculum,</span> <span class='ocrx_word' id='word_1_398' title='bbox 1854 3413 1907 3470; x_wconf 90' lang='lat' dir='ltr'>ubi</span> <span class='ocrx_word' id='word_1_399' title='bbox 1932 3429 2093 3488; x_wconf 89' lang='lat' dir='ltr'>personam</span> <span class='ocrx_word' id='word_1_400' title='bbox 2114 3411 2269 3468; x_wconf 86' lang='lat' dir='ltr'>Pontificis</span> <span class='ocrx_word' id='word_1_401' title='bbox 2297 3429 2363 3468; x_wconf 90' lang='lat' dir='ltr'>esse</span> 
     </span>
     <span class='ocr_line' id='line_1_38' title="bbox 875 3487 2365 3568; baseline -0.004 -16"><span class='ocrx_word' id='word_1_402' title='bbox 875 3493 1040 3568; x_wconf 90' lang='lat' dir='ltr'>contingat,</span> <span class='ocrx_word' id='word_1_403' title='bbox 1060 3491 1233 3548; x_wconf 86' lang='lat' dir='ltr'>immediate</span> <span class='ocrx_word' id='word_1_404' title='bbox 1253 3493 1322 3566; x_wconf 91' lang='lat' dir='ltr'>post</span> <span class='ocrx_word' id='word_1_405' title='bbox 1336 3491 1517 3548; x_wconf 88' lang='lat' dir='ltr'>camerarios</span> <span class='ocrx_word' id='word_1_406' title='bbox 1533 3493 1665 3548; x_wconf 87' lang='lat' dir='ltr'>secretos</span> <span class='ocrx_word' id='word_1_407' title='bbox 1681 3491 1754 3550; x_wconf 88' lang='lat' dir='ltr'>scite</span> <span class='ocrx_word' id='word_1_408' title='bbox 1769 3495 1801 3550; x_wconf 92' lang='lat' dir='ltr'>et</span> <span class='ocrx_word' id='word_1_409' title='bbox 1816 3491 1982 3566; x_wconf 90' lang='lat' dir='ltr'>prudenter</span> <span class='ocrx_word' id='word_1_410' title='bbox 1997 3493 2160 3548; x_wconf 86' lang='lat' dir='ltr'>exerceant</span> <span class='ocrx_word' id='word_1_411' title='bbox 2181 3491 2211 3546; x_wconf 92' lang='lat' dir='ltr'>et</span> <span class='ocrx_word' id='word_1_412' title='bbox 2227 3487 2365 3564; x_wconf 86' lang='lat' dir='ltr'>deputati</span> 
     </span>
     <span class='ocr_line' id='line_1_39' title="bbox 873 3569 2363 3644; baseline -0.003 -16"><span class='ocrx_word' id='word_1_413' title='bbox 873 3571 911 3628; x_wconf 88' lang='lat' dir='ltr'>ad</span> <span class='ocrx_word' id='word_1_414' title='bbox 932 3571 1101 3630; x_wconf 89' lang='lat' dir='ltr'>custodiam</span> <span class='ocrx_word' id='word_1_415' title='bbox 1121 3571 1153 3626; x_wconf 94' lang='lat' dir='ltr'>in</span> <span class='ocrx_word' id='word_1_416' title='bbox 1173 3569 1276 3628; x_wconf 90' lang='lat' dir='ltr'>tinello</span> <span class='ocrx_word' id='word_1_417' title='bbox 1298 3569 1473 3644; x_wconf 81' lang='lat' dir='ltr'>comedant3</span> <span class='ocrx_word' id='word_1_418' title='bbox 1505 3569 1533 3640; x_wconf 91' lang='grc'>6)</span> <span class='ocrx_word' id='word_1_419' title='bbox 1557 3587 1594 3626; x_wconf 85' lang='lat' dir='ltr'>ex</span> <span class='ocrx_word' id='word_1_420' title='bbox 1616 3569 1871 3626; x_wconf 88' lang='lat' dir='ltr'>cubiculariorum</span> <span class='ocrx_word' id='word_1_421' title='bbox 1890 3587 2034 3642; x_wconf 90' lang='lat' dir='ltr'>numero,</span> <span class='ocrx_word' id='word_1_422' title='bbox 2063 3569 2118 3626; x_wconf 89' lang='lat' dir='ltr'>hac</span> <span class='ocrx_word' id='word_1_423' title='bbox 2140 3569 2205 3626; x_wconf 93' lang='lat' dir='ltr'>vice</span> <span class='ocrx_word' id='word_1_424' title='bbox 2228 3569 2363 3642; x_wconf 87' lang='lat' dir='ltr'>excepta,</span> 
     </span>
     <span class='ocr_line' id='line_1_40' title="bbox 874 3645 2362 3722; baseline -0.001 -16"><span class='ocrx_word' id='word_1_425' title='bbox 874 3649 984 3706; x_wconf 89' lang='lat' dir='ltr'>laicum</span> <span class='ocrx_word' id='word_1_426' title='bbox 1012 3669 1065 3710; x_wconf 90' lang='lat' dir='ltr'>seu</span> <span class='ocrx_word' id='word_1_427' title='bbox 1087 3647 1282 3722; x_wconf 87' lang='lat' dir='ltr'>conjugatum</span> <span class='ocrx_word' id='word_1_428' title='bbox 1313 3665 1378 3704; x_wconf 89' lang='grc'>6666</span> <span class='ocrx_word' id='word_1_429' title='bbox 1399 3665 1459 3704; x_wconf 88' lang='grc'>666</span> <span class='ocrx_word' id='word_1_430' title='bbox 1479 3647 1560 3720; x_wconf 89' lang='grc'>6616,</span> <span class='ocrx_word' id='word_1_431' title='bbox 1589 3647 1645 3704; x_wconf 87' lang='grc'>6161</span> <span class='ocrx_word' id='word_1_432' title='bbox 1667 3647 1772 3706; x_wconf 83' lang='grc'>666666</span> <span class='ocrx_word' id='word_1_433' title='bbox 1800 3647 1890 3704; x_wconf 92' lang='lat' dir='ltr'>sitin</span> <span class='ocrx_word' id='word_1_434' title='bbox 1912 3647 2013 3722; x_wconf 88' lang='grc'>611666</span> <span class='ocrx_word' id='word_1_435' title='bbox 2040 3645 2171 3722; x_wconf 88' lang='lat' dir='ltr'>jurium,</span> <span class='ocrx_word' id='word_1_436' title='bbox 2201 3645 2362 3704; x_wconf 90' lang='lat' dir='ltr'>dummodo</span> 
     </span>
     <span class='ocr_line' id='line_1_41' title="bbox 874 3723 2362 3804; baseline 0 -22"><span class='ocrx_word' id='word_1_437' title='bbox 874 3729 976 3802; x_wconf 89' lang='lat' dir='ltr'>plures</span> <span class='ocrx_word' id='word_1_438' title='bbox 998 3747 1087 3804; x_wconf 89' lang='lat' dir='ltr'>quam</span> <span class='ocrx_word' id='word_1_439' title='bbox 1109 3745 1161 3784; x_wconf 89' lang='lat' dir='ltr'>sex</span> <span class='ocrx_word' id='word_1_440' title='bbox 1183 3727 1251 3784; x_wconf 89' lang='lat' dir='ltr'>iaici</span> <span class='ocrx_word' id='word_1_441' title='bbox 1272 3725 1320 3782; x_wconf 91' lang='lat' dir='ltr'>vel</span> <span class='ocrx_word' id='word_1_442' title='bbox 1335 3725 1489 3802; x_wconf 88' lang='lat' dir='ltr'>conjugati</span> <span class='ocrx_word' id='word_1_443' title='bbox 1511 3743 1571 3782; x_wconf 90' lang='lat' dir='ltr'>non</span> <span class='ocrx_word' id='word_1_444' title='bbox 1586 3725 1733 3800; x_wconf 77' lang='lat' dir='ltr'>existant3</span> <span class='ocrx_word' id='word_1_445' title='bbox 1766 3723 1793 3798; x_wconf 90' lang='grc'>6)</span> <span class='ocrx_word' id='word_1_446' title='bbox 1816 3726 1976 3784; x_wconf 90' lang='lat' dir='ltr'>declaratis</span> <span class='ocrx_word' id='word_1_447' title='bbox 1998 3743 2102 3782; x_wconf 91' lang='lat' dir='ltr'>eorum</span> <span class='ocrx_word' id='word_1_448' title='bbox 2116 3723 2362 3800; x_wconf 87' lang='lat' dir='ltr'>praeeminentiis</span> 
     </span>
     <span class='ocr_line' id='line_1_42' title="bbox 874 3803 2364 3880; baseline -0.003 -16"><span class='ocrx_word' id='word_1_449' title='bbox 874 3811 904 3864; x_wconf 89' lang='lat' dir='ltr'>ct</span> <span class='ocrx_word' id='word_1_450' title='bbox 924 3805 1144 3880; x_wconf 86' lang='lat' dir='ltr'>praerogativis</span> <span class='ocrx_word' id='word_1_451' title='bbox 1166 3803 1365 3864; x_wconf 88' lang='lat' dir='ltr'>cubicularios</span> <span class='ocrx_word' id='word_1_452' title='bbox 1395 3809 1425 3862; x_wconf 91' lang='grc'>61</span> <span class='ocrx_word' id='word_1_453' title='bbox 1446 3803 1605 3862; x_wconf 87' lang='lat' dir='ltr'>scutiferos</span> <span class='ocrx_word' id='word_1_454' title='bbox 1628 3821 1661 3860; x_wconf 90' lang='lat' dir='ltr'>eo</span> <span class='ocrx_word' id='word_1_455' title='bbox 1682 3803 1757 3878; x_wconf 91' lang='lat' dir='ltr'>ipso,</span> <span class='ocrx_word' id='word_1_456' title='bbox 1787 3803 1869 3878; x_wconf 91' lang='lat' dir='ltr'>quod</span> <span class='ocrx_word' id='word_1_457' title='bbox 1896 3803 1935 3860; x_wconf 94' lang='lat' dir='ltr'>ad</span> <span class='ocrx_word' id='word_1_458' title='bbox 1955 3803 2193 3864; x_wconf 87' lang='lat' dir='ltr'>cubiculariatus</span> <span class='ocrx_word' id='word_1_459' title='bbox 2222 3807 2252 3860; x_wconf 91' lang='grc'>66</span> <span class='ocrx_word' id='word_1_460' title='bbox 2273 3803 2364 3860; x_wconf 89' lang='grc'>66661-</span> 
     </span>
     <span class='ocr_line' id='line_1_43' title="bbox 873 3881 2365 3956; baseline -0.003 -14"><span class='ocrx_word' id='word_1_461' title='bbox 873 3885 990 3942; x_wconf 88' lang='lat' dir='ltr'>fcratus</span> <span class='ocrx_word' id='word_1_462' title='bbox 1012 3883 1112 3942; x_wconf 90' lang='lat' dir='ltr'>officia</span> <span class='ocrx_word' id='word_1_463' title='bbox 1132 3881 1254 3940; x_wconf 90' lang='lat' dir='ltr'>admissi</span> <span class='ocrx_word' id='word_1_464' title='bbox 1275 3885 1354 3954; x_wconf 89' lang='lat' dir='ltr'>sunt,</span> <span class='ocrx_word' id='word_1_465' title='bbox 1376 3881 1409 3938; x_wconf 90' lang='lat' dir='ltr'>in</span> <span class='ocrx_word' id='word_1_466' title='bbox 1430 3883 1516 3938; x_wconf 88' lang='lat' dir='ltr'>aulae</span> <span class='ocrx_word' id='word_1_467' title='bbox 1536 3881 1716 3938; x_wconf 89' lang='lat' dir='ltr'>Lateranen.</span> <span class='ocrx_word' id='word_1_468' title='bbox 1739 3883 1872 3940; x_wconf 76' lang='lat' dir='ltr'>Comites</span> <span class='ocrx_word' id='word_1_469' title='bbox 1898 3881 2028 3956; x_wconf 89' lang='lat' dir='ltr'>illosque</span> <span class='ocrx_word' id='word_1_470' title='bbox 2051 3901 2088 3940; x_wconf 90' lang='lat' dir='ltr'>ex</span> <span class='ocrx_word' id='word_1_471' title='bbox 2109 3881 2154 3954; x_wconf 90' lang='lat' dir='ltr'>iis,</span> <span class='ocrx_word' id='word_1_472' title='bbox 2183 3881 2235 3954; x_wconf 89' lang='lat' dir='ltr'>qui</span> <span class='ocrx_word' id='word_1_473' title='bbox 2264 3881 2365 3938; x_wconf 90' lang='lat' dir='ltr'>clerici</span> 
     </span>
     <span class='ocr_line' id='line_1_44' title="bbox 873 3959 2366 4034; baseline -0.001 -16"><span class='ocrx_word' id='word_1_474' title='bbox 873 3961 996 4034; x_wconf 87' lang='lat' dir='ltr'>fuerint,</span> <span class='ocrx_word' id='word_1_475' title='bbox 1017 3963 1047 4018; x_wconf 91' lang='lat' dir='ltr'>in</span> <span class='ocrx_word' id='word_1_476' title='bbox 1069 3961 1097 4018; x_wconf 88' lang='lat' dir='ltr'>S.</span> <span class='ocrx_word' id='word_1_477' title='bbox 1119 3959 1203 4018; x_wconf 89' lang='lat' dir='ltr'>Sedis</span> <span class='ocrx_word' id='word_1_478' title='bbox 1223 3959 1368 4034; x_wconf 89' lang='lat' dir='ltr'>notarios,</span> <span class='ocrx_word' id='word_1_479' title='bbox 1393 3959 1443 4034; x_wconf 92' lang='lat' dir='ltr'>qui</span> <span class='ocrx_word' id='word_1_480' title='bbox 1463 3959 1532 4016; x_wconf 87' lang='lat' dir='ltr'>laici</span> <span class='ocrx_word' id='word_1_481' title='bbox 1545 3959 1668 4032; x_wconf 90' lang='lat' dir='ltr'>fuerint,</span> <span class='ocrx_word' id='word_1_482' title='bbox 1691 3959 1721 4016; x_wconf 90' lang='lat' dir='ltr'>in</span> <span class='ocrx_word' id='word_1_483' title='bbox 1742 3965 1869 4018; x_wconf 87' lang='lat' dir='ltr'>auratae</span> <span class='ocrx_word' id='word_1_484' title='bbox 1889 3959 2015 4016; x_wconf 90' lang='lat' dir='ltr'>militiae</span> <span class='ocrx_word' id='word_1_485' title='bbox 2036 3959 2145 4018; x_wconf 89' lang='lat' dir='ltr'>milites</span> <span class='ocrx_word' id='word_1_486' title='bbox 2167 3959 2292 4034; x_wconf 88' lang='lat' dir='ltr'>recipit,</span> <span class='ocrx_word' id='word_1_487' title='bbox 2321 3959 2366 4016; x_wconf 88' lang='lat' dir='ltr'>ita</span> 
     </span>
    </p>
   </div>
   <div class='ocr_carea' id='block_1_12' title="bbox 763 4033 2364 4112">
    <p class='ocr_par' dir='ltr' id='par_1_15' title="bbox 763 4033 2364 4112">
     <span class='ocr_line' id='line_1_45' title="bbox 763 4033 2364 4112; baseline -0.002 -14"><span class='ocrx_word' id='word_1_488' title='bbox 763 4033 776 4098; x_wconf 67' lang='grc' dir='ltr'>ἶ</span> <span class='ocrx_word' id='word_1_489' title='bbox 874 4043 917 4112; x_wconf 90' lang='grc'>66,</span> <span class='ocrx_word' id='word_1_490' title='bbox 939 4041 964 4098; x_wconf 86' lang='grc'>61</span> <span class='ocrx_word' id='word_1_491' title='bbox 979 4039 1115 4098; x_wconf 86' lang='lat' dir='ltr'>scutiferi</span> <span class='ocrx_word' id='word_1_492' title='bbox 1130 4043 1161 4096; x_wconf 92' lang='lat' dir='ltr'>et</span> <span class='ocrx_word' id='word_1_493' title='bbox 1175 4037 1352 4100; x_wconf 88' lang='lat' dir='ltr'>cubicularii</span> <span class='ocrx_word' id='word_1_494' title='bbox 1367 4055 1434 4094; x_wconf 90' lang='lat' dir='ltr'>esse</span> <span class='ocrx_word' id='word_1_495' title='bbox 1449 4035 1599 4112; x_wconf 90' lang='lat' dir='ltr'>desierint,</span> <span class='ocrx_word' id='word_1_496' title='bbox 1622 4035 1754 4096; x_wconf 70' lang='lat' dir='ltr'>(fomites</span> <span class='ocrx_word' id='word_1_497' title='bbox 1769 4043 1800 4096; x_wconf 93' lang='lat' dir='ltr'>et</span> <span class='ocrx_word' id='word_1_498' title='bbox 1814 4037 1926 4096; x_wconf 89' lang='lat' dir='ltr'>notarii</span> <span class='ocrx_word' id='word_1_499' title='bbox 1940 4057 1974 4096; x_wconf 89' lang='grc'>66</span> <span class='ocrx_word' id='word_1_500' title='bbox 1989 4037 2099 4096; x_wconf 87' lang='lat' dir='ltr'>milites</span> <span class='ocrx_word' id='word_1_501' title='bbox 2114 4037 2281 4112; x_wconf 84' lang='lat' dir='ltr'>respective</span> <span class='ocrx_word' id='word_1_502' title='bbox 2297 4055 2364 4094; x_wconf 89' lang='lat' dir='ltr'>esse</span> 
     </span>
    </p>
   </div>
   <div class='ocr_carea' id='block_1_13' title="bbox 874 4113 2367 4432">
    <p class='ocr_par' dir='ltr' id='par_1_16' title="bbox 874 4113 2367 4432">
     <span class='ocr_line' id='line_1_46' title="bbox 874 4113 2365 4194; baseline -0.003 -18"><span class='ocrx_word' id='word_1_503' title='bbox 874 4137 934 4176; x_wconf 90' lang='lat' dir='ltr'>non</span> <span class='ocrx_word' id='word_1_504' title='bbox 955 4119 1105 4192; x_wconf 89' lang='lat' dir='ltr'>desinant,</span> <span class='ocrx_word' id='word_1_505' title='bbox 1127 4121 1158 4176; x_wconf 93' lang='lat' dir='ltr'>et</span> <span class='ocrx_word' id='word_1_506' title='bbox 1178 4121 1261 4178; x_wconf 90' lang='lat' dir='ltr'>certa</span> <span class='ocrx_word' id='word_1_507' title='bbox 1280 4115 1439 4192; x_wconf 88' lang='lat' dir='ltr'>privilegia</span> <span class='ocrx_word' id='word_1_508' title='bbox 1458 4115 1613 4190; x_wconf 79' lang='lat' dir='ltr'>adjungit3</span> <span class='ocrx_word' id='word_1_509' title='bbox 1641 4115 1665 4188; x_wconf 84' lang='grc'>1)</span> <span class='ocrx_word' id='word_1_510' title='bbox 1688 4135 1831 4194; x_wconf 87' lang='lat' dir='ltr'>cumpro</span> <span class='ocrx_word' id='word_1_511' title='bbox 1859 4117 2080 4176; x_wconf 88' lang='lat' dir='ltr'>sustentatione</span> <span class='ocrx_word' id='word_1_512' title='bbox 2109 4115 2259 4174; x_wconf 89' lang='lat' dir='ltr'>exercitus</span> <span class='ocrx_word' id='word_1_513' title='bbox 2281 4113 2365 4172; x_wconf 84' lang='lat' dir='ltr'>Rom.</span> 
     </span>
     <span class='ocr_line' id='line_1_47' title="bbox 875 4193 2366 4272; baseline -0.001 -18"><span class='ocrx_word' id='word_1_514' title='bbox 875 4197 954 4256; x_wconf 80' lang='grc'>11661.</span> <span class='ocrx_word' id='word_1_515' title='bbox 971 4203 1002 4256; x_wconf 88' lang='grc'>66</span> <span class='ocrx_word' id='word_1_516' title='bbox 1015 4199 1046 4256; x_wconf 89' lang='grc'>16</span> <span class='ocrx_word' id='word_1_517' title='bbox 1060 4215 1284 4272; x_wconf 88' lang='lat' dir='ltr'>recompensam</span> <span class='ocrx_word' id='word_1_518' title='bbox 1295 4201 1496 4272; x_wconf 88' lang='lat' dir='ltr'>proventuum</span> <span class='ocrx_word' id='word_1_519' title='bbox 1508 4195 1579 4270; x_wconf 92' lang='lat' dir='ltr'>ipsis</span> <span class='ocrx_word' id='word_1_520' title='bbox 1590 4195 1813 4272; x_wconf 88' lang='lat' dir='ltr'>assignatorum</span> <span class='ocrx_word' id='word_1_521' title='bbox 1829 4195 2015 4272; x_wconf 89' lang='lat' dir='ltr'>infrascripti</span> <span class='ocrx_word' id='word_1_522' title='bbox 2032 4195 2208 4256; x_wconf 90' lang='lat' dir='ltr'>cubicularii</span> <span class='ocrx_word' id='word_1_523' title='bbox 2219 4193 2366 4254; x_wconf 86' lang='lat' dir='ltr'><strong>LXXXX</strong></span> 
     </span>
     <span class='ocr_line' id='line_1_48' title="bbox 876 4275 2366 4352; baseline -0.001 -18"><span class='ocrx_word' id='word_1_524' title='bbox 876 4279 905 4334; x_wconf 93' lang='grc'>66</span> <span class='ocrx_word' id='word_1_525' title='bbox 927 4277 1063 4336; x_wconf 90' lang='lat' dir='ltr'>scutiferi</span> <span class='ocrx_word' id='word_1_526' title='bbox 1085 4275 1173 4336; x_wconf 79' lang='lat' dir='ltr'>oxu</span> <span class='ocrx_word' id='word_1_527' title='bbox 1193 4275 1286 4334; x_wconf 88' lang='lat' dir='ltr'>millia</span> <span class='ocrx_word' id='word_1_528' title='bbox 1304 4275 1445 4334; x_wconf 77' lang='lat' dir='ltr'>florenos.</span> <span class='ocrx_word' id='word_1_529' title='bbox 1466 4275 1677 4352; x_wconf 88' lang='lat' dir='ltr'>persolverint,</span> <span class='ocrx_word' id='word_1_530' title='bbox 1705 4281 1872 4352; x_wconf 88' lang='lat' dir='ltr'>proventus</span> <span class='ocrx_word' id='word_1_531' title='bbox 1897 4275 2073 4350; x_wconf 90' lang='lat' dir='ltr'>hujusmodi</span> <span class='ocrx_word' id='word_1_532' title='bbox 2096 4278 2250 4332; x_wconf 89' lang='lat' dir='ltr'>enumerat</span> <span class='ocrx_word' id='word_1_533' title='bbox 2273 4277 2302 4332; x_wconf 92' lang='lat' dir='ltr'>et</span> <span class='ocrx_word' id='word_1_534' title='bbox 2324 4275 2366 4332; x_wconf 89' lang='lat' dir='ltr'>eis</span> 
     </span>
     <span class='ocr_line' id='line_1_49' title="bbox 875 4351 2367 4432; baseline 0 -20"><span class='ocrx_word' id='word_1_535' title='bbox 875 4356 1006 4432; x_wconf 89' lang='lat' dir='ltr'>applicat</span> <span class='ocrx_word' id='word_1_536' title='bbox 1027 4373 1144 4414; x_wconf 90' lang='lat' dir='ltr'>necnon</span> <span class='ocrx_word' id='word_1_537' title='bbox 1167 4355 1204 4414; x_wconf 93' lang='lat' dir='ltr'>de</span> <span class='ocrx_word' id='word_1_538' title='bbox 1217 4355 1416 4412; x_wconf 87' lang='lat' dir='ltr'>indemnitate</span> <span class='ocrx_word' id='word_1_539' title='bbox 1430 4355 1563 4430; x_wconf 89' lang='lat' dir='ltr'>ipsorum</span> <span class='ocrx_word' id='word_1_540' title='bbox 1578 4355 1833 4412; x_wconf 88' lang='lat' dir='ltr'>cubiculariorum</span> <span class='ocrx_word' id='word_1_541' title='bbox 1848 4357 1878 4412; x_wconf 91' lang='lat' dir='ltr'>et</span> <span class='ocrx_word' id='word_1_542' title='bbox 1893 4353 2107 4412; x_wconf 88' lang='lat' dir='ltr'>scutiferorum</span> <span class='ocrx_word' id='word_1_543' title='bbox 2123 4351 2211 4428; x_wconf 88' lang='lat' dir='ltr'>plura</span> <span class='ocrx_word' id='word_1_544' title='bbox 2227 4353 2335 4412; x_wconf 88' lang='lat' dir='ltr'>statuit</span> <span class='ocrx_word' id='word_1_545' title='bbox 2347 4351 2367 4412; x_wconf 78' lang='lat'>¹.</span> 
     </span>
    </p>
   </div>
   <div class='ocr_carea' id='block_1_14' title="bbox 920 4551 2367 4622">
    <p class='ocr_par' dir='ltr' id='par_1_17' title="bbox 920 4551 2367 4622">
     <span class='ocr_line' id='line_1_50' title="bbox 920 4551 2367 4622; baseline -0.001 -16"><span class='ocrx_word' id='word_1_546' title='bbox 920 4553 930 4588; x_wconf 83' lang='lat'>¹</span> <span class='ocrx_word' id='word_1_547' title='bbox 947 4557 1064 4606; x_wconf 83' lang='lat' dir='ltr'>Nomina</span> <span class='ocrx_word' id='word_1_548' title='bbox 1083 4557 1308 4606; x_wconf 86' lang='lat' dir='ltr'>cubiculariorum</span> <span class='ocrx_word' id='word_1_549' title='bbox 1328 4559 1392 4606; x_wconf 78' lang='lat' dir='ltr'>runt</span> <span class='ocrx_word' id='word_1_550' title='bbox 1409 4557 1475 4604; x_wconf 88' lang='lat' dir='ltr'>hacc</span> <span class='ocrx_word' id='word_1_551' title='bbox 1494 4551 1539 4618; x_wconf 90' lang='lat' dir='ltr'>(L.</span> <span class='ocrx_word' id='word_1_552' title='bbox 1556 4557 1620 4604; x_wconf 89' lang='grc'>1211</span> <span class='ocrx_word' id='word_1_553' title='bbox 1642 4553 1659 4604; x_wconf 91' lang='lat' dir='ltr'>f.</span> <span class='ocrx_word' id='word_1_554' title='bbox 1677 4553 1756 4618; x_wconf 76' lang='lat'>126):</span> <span class='ocrx_word' id='word_1_555' title='bbox 1784 4553 1920 4606; x_wconf 88' lang='lat' dir='ltr'>Antonius</span> <span class='ocrx_word' id='word_1_556' title='bbox 1940 4553 2045 4622; x_wconf 89' lang='lat' dir='ltr'>Burgos</span> <span class='ocrx_word' id='word_1_557' title='bbox 2059 4579 2094 4592; x_wconf 87' lang='lat'>—·</span> <span class='ocrx_word' id='word_1_558' title='bbox 2109 4553 2228 4620; x_wconf 87' lang='lat' dir='ltr'>Angelus</span> <span class='ocrx_word' id='word_1_559' title='bbox 2244 4553 2367 4606; x_wconf 79' lang='lat' dir='ltr'>Oolctins</span> 
     </span>
    </p>
   </div>
   <div class='ocr_carea' id='block_1_15' title="bbox 762 4625 2366 4692">
    <p class='ocr_par' dir='ltr' id='par_1_18' title="bbox 762 4625 2366 4692">
     <span class='ocr_line' id='line_1_51' title="bbox 762 4625 2366 4692; baseline 0 -16"><span class='ocrx_word' id='word_1_560' title='bbox 762 4625 770 4646; x_wconf 68' lang='lat'>²</span> <span class='ocrx_word' id='word_1_561' title='bbox 815 4653 849 4660; x_wconf 85' lang='lat'>-</span> <span class='ocrx_word' id='word_1_562' title='bbox 867 4625 1023 4676; x_wconf 88' lang='lat' dir='ltr'>Alexander</span> <span class='ocrx_word' id='word_1_563' title='bbox 1043 4627 1074 4676; x_wconf 93' lang='lat' dir='ltr'>de</span> <span class='ocrx_word' id='word_1_564' title='bbox 1092 4627 1206 4678; x_wconf 80' lang='lat' dir='ltr'>Lucanis</span> <span class='ocrx_word' id='word_1_565' title='bbox 1224 4651 1258 4660; x_wconf 85' lang='lat'>--</span> <span class='ocrx_word' id='word_1_566' title='bbox 1276 4625 1407 4692; x_wconf 85' lang='lat' dir='ltr'>Aloysius</span> <span class='ocrx_word' id='word_1_567' title='bbox 1427 4625 1572 4676; x_wconf 84' lang='lat' dir='ltr'>Gibraleon</span> <span class='ocrx_word' id='word_1_568' title='bbox 1592 4651 1623 4660; x_wconf 82' lang='lat'>-</span> <span class='ocrx_word' id='word_1_569' title='bbox 1643 4625 1778 4676; x_wconf 87' lang='lat' dir='ltr'>Antonius</span> <span class='ocrx_word' id='word_1_570' title='bbox 1798 4627 1945 4678; x_wconf 88' lang='lat' dir='ltr'>Michettus</span> <span class='ocrx_word' id='word_1_571' title='bbox 1967 4653 1998 4660; x_wconf 86' lang='lat'><em>-</em></span> <span class='ocrx_word' id='word_1_572' title='bbox 2018 4627 2152 4678; x_wconf 89' lang='lat' dir='ltr'>Antonius</span> <span class='ocrx_word' id='word_1_573' title='bbox 2167 4627 2319 4676; x_wconf 83' lang='lat' dir='ltr'>Paloucllus</span> <span class='ocrx_word' id='word_1_574' title='bbox 2336 4651 2366 4660; x_wconf 86' lang='lat'>-·-</span> 
     </span>
    </p>
   </div>
   <div class='ocr_carea' id='block_1_16' title="bbox 813 4697 2369 5758">
    <p class='ocr_par' dir='ltr' id='par_1_19' title="bbox 813 4697 2369 5618">
     <span class='ocr_line' id='line_1_52' title="bbox 814 4697 2369 4748; baseline 0 -2"><span class='ocrx_word' id='word_1_575' title='bbox 814 4697 964 4748; x_wconf 87' lang='lat' dir='ltr'>Bernardus</span> <span class='ocrx_word' id='word_1_576' title='bbox 981 4697 1090 4748; x_wconf 82' lang='lat' dir='ltr'>Oardoli</span> <span class='ocrx_word' id='word_1_577' title='bbox 1106 4723 1139 4730; x_wconf 83' lang='lat'><em>-</em></span> <span class='ocrx_word' id='word_1_578' title='bbox 1153 4697 1282 4748; x_wconf 89' lang='lat' dir='ltr'>Alfonsus</span> <span class='ocrx_word' id='word_1_579' title='bbox 1298 4697 1332 4748; x_wconf 89' lang='lat' dir='ltr'>de</span> <span class='ocrx_word' id='word_1_580' title='bbox 1346 4697 1447 4748; x_wconf 89' lang='lat' dir='ltr'>Pocras</span> <span class='ocrx_word' id='word_1_581' title='bbox 1462 4719 1497 4730; x_wconf 85' lang='grc'>-</span> <span class='ocrx_word' id='word_1_582' title='bbox 1510 4697 1689 4748; x_wconf 87' lang='lat' dir='ltr'>Bernardinus</span> <span class='ocrx_word' id='word_1_583' title='bbox 1705 4697 1823 4748; x_wconf 83' lang='lat' dir='ltr'>Gutticri</span> <span class='ocrx_word' id='word_1_584' title='bbox 1838 4723 1869 4732; x_wconf 85' lang='lat'>-—·</span> <span class='ocrx_word' id='word_1_585' title='bbox 1885 4697 2067 4748; x_wconf 89' lang='lat' dir='ltr'>Bernardinus</span> <span class='ocrx_word' id='word_1_586' title='bbox 2082 4697 2115 4748; x_wconf 88' lang='lat' dir='ltr'>dc</span> <span class='ocrx_word' id='word_1_587' title='bbox 2128 4697 2223 4748; x_wconf 85' lang='lat' dir='ltr'>Fabiis</span> <span class='ocrx_word' id='word_1_588' title='bbox 2236 4721 2272 4730; x_wconf 94' lang='lat'><em>-</em></span> <span class='ocrx_word' id='word_1_589' title='bbox 2285 4697 2369 4748; x_wconf 90' lang='lat' dir='ltr'>Bene·</span> 
     </span>
     <span class='ocr_line' id='line_1_53' title="bbox 815 4765 2367 4834; baseline -0.001 -16"><span class='ocrx_word' id='word_1_590' title='bbox 815 4767 903 4820; x_wconf 86' lang='lat' dir='ltr'>dictus</span> <span class='ocrx_word' id='word_1_591' title='bbox 919 4769 1057 4834; x_wconf 87' lang='lat' dir='ltr'>Laparcili</span> <span class='ocrx_word' id='word_1_592' title='bbox 1080 4793 1104 4802; x_wconf 82' lang='lat'>-</span> <span class='ocrx_word' id='word_1_593' title='bbox 1127 4769 1281 4826; x_wconf 80' lang='lat' dir='ltr'>Bernartius</span> <span class='ocrx_word' id='word_1_594' title='bbox 1295 4769 1411 4820; x_wconf 88' lang='lat' dir='ltr'>Scultsti</span> <span class='ocrx_word' id='word_1_595' title='bbox 1429 4793 1464 4800; x_wconf 90' lang='lat'>-</span> <span class='ocrx_word' id='word_1_596' title='bbox 1480 4767 1657 4832; x_wconf 87' lang='lat' dir='ltr'>Berengsrius</span> <span class='ocrx_word' id='word_1_597' title='bbox 1673 4767 1751 4820; x_wconf 86' lang='lat' dir='ltr'>Serra</span> <span class='ocrx_word' id='word_1_598' title='bbox 1765 4793 1799 4804; x_wconf 90' lang='lat'>—-</span> <span class='ocrx_word' id='word_1_599' title='bbox 1813 4769 2025 4834; x_wconf 79' lang='lat' dir='ltr'>Christcphorus</span> <span class='ocrx_word' id='word_1_600' title='bbox 2039 4769 2165 4820; x_wconf 88' lang='lat' dir='ltr'>Barotius</span> <span class='ocrx_word' id='word_1_601' title='bbox 2183 4793 2217 4802; x_wconf 91' lang='lat'>-</span> <span class='ocrx_word' id='word_1_602' title='bbox 2240 4765 2367 4818; x_wconf 80' lang='lat' dir='ltr'>Camillus</span> 
     </span>
     <span class='ocr_line' id='line_1_54' title="bbox 814 4837 2368 4904; baseline -0.001 -14"><span class='ocrx_word' id='word_1_603' title='bbox 814 4841 969 4892; x_wconf 87' lang='lat' dir='ltr'>Portius-</span> <span class='ocrx_word' id='word_1_604' title='bbox 978 4839 1147 4904; x_wconf 89' lang='lat' dir='ltr'>Augustinus</span> <span class='ocrx_word' id='word_1_605' title='bbox 1158 4839 1288 4904; x_wconf 84' lang='lat' dir='ltr'>Raphaeli</span> <span class='ocrx_word' id='word_1_606' title='bbox 1302 4861 1329 4872; x_wconf 47' lang='grc' dir='ltr'>-ψ</span> <span class='ocrx_word' id='word_1_607' title='bbox 1341 4841 1503 4888; x_wconf 72' lang='grc'>1666616666</span> <span class='ocrx_word' id='word_1_608' title='bbox 1516 4841 1680 4890; x_wconf 87' lang='lat' dir='ltr'>Armellinus</span> <span class='ocrx_word' id='word_1_609' title='bbox 1691 4841 1895 4890; x_wconf 82' lang='lat' dir='ltr'>-Frauoiscus</span> <span class='ocrx_word' id='word_1_610' title='bbox 1906 4839 2052 4892; x_wconf 79' lang='grc'>6666161-</span> <span class='ocrx_word' id='word_1_611' title='bbox 2070 4837 2223 4888; x_wconf 84' lang='lat' dir='ltr'>Ferrandus</span> <span class='ocrx_word' id='word_1_612' title='bbox 2235 4837 2368 4890; x_wconf 70' lang='lat' dir='ltr'>(tabescas</span> 
     </span>
     <span class='ocr_line' id='line_1_55' title="bbox 813 4907 2368 4974; baseline -0.001 -14"><span class='ocrx_word' id='word_1_613' title='bbox 813 4939 849 4946; x_wconf 90' lang='lat'><em>-</em></span> <span class='ocrx_word' id='word_1_614' title='bbox 863 4911 1004 4960; x_wconf 86' lang='lat' dir='ltr'>Baithasar</span> <span class='ocrx_word' id='word_1_615' title='bbox 1017 4911 1135 4960; x_wconf 85' lang='lat' dir='ltr'>Turinus</span> <span class='ocrx_word' id='word_1_616' title='bbox 1149 4937 1183 4946; x_wconf 92' lang='grc'>-</span> <span class='ocrx_word' id='word_1_617' title='bbox 1199 4909 1362 4960; x_wconf 71' lang='grc'>(1611166666</span> <span class='ocrx_word' id='word_1_618' title='bbox 1376 4909 1514 4960; x_wconf 90' lang='lat' dir='ltr'>Beltrandi</span> <span class='ocrx_word' id='word_1_619' title='bbox 1529 4939 1560 4948; x_wconf 87' lang='lat'><em>-</em></span> <span class='ocrx_word' id='word_1_620' title='bbox 1580 4911 1715 4960; x_wconf 80' lang='lat' dir='ltr'>lohannes</span> <span class='ocrx_word' id='word_1_621' title='bbox 1729 4911 1803 4960; x_wconf 77' lang='lat' dir='ltr'>Beira</span> <span class='ocrx_word' id='word_1_622' title='bbox 1817 4937 1851 4946; x_wconf 87' lang='lat'>·-</span> <span class='ocrx_word' id='word_1_623' title='bbox 1868 4913 1987 4962; x_wconf 83' lang='lat' dir='ltr'>Jacobus</span> <span class='ocrx_word' id='word_1_624' title='bbox 2002 4909 2232 4974; x_wconf 61' lang='grc'>(6666166666-</span> <span class='ocrx_word' id='word_1_625' title='bbox 2247 4907 2368 4960; x_wconf 76' lang='lat' dir='ltr'>Clemens</span> 
     </span>
     <span class='ocr_line' id='line_1_56' title="bbox 815 4977 2367 5048; baseline -0.001 -16"><span class='ocrx_word' id='word_1_626' title='bbox 815 4983 848 5032; x_wconf 92' lang='lat' dir='ltr'>de</span> <span class='ocrx_word' id='word_1_627' title='bbox 869 4979 944 5032; x_wconf 85' lang='lat' dir='ltr'>Oesis</span> <span class='ocrx_word' id='word_1_628' title='bbox 971 4977 1357 5046; x_wconf 65' lang='grc'>-166666661666666661</span> <span class='ocrx_word' id='word_1_629' title='bbox 1379 5007 1410 5014; x_wconf 48' lang='lat' dir='ltr'><em>w</em></span> <span class='ocrx_word' id='word_1_630' title='bbox 1436 4981 1770 5048; x_wconf 71' lang='grc'>66,]166666666666</span> <span class='ocrx_word' id='word_1_631' title='bbox 1794 5007 1830 5016; x_wconf 86' lang='lat'>-—·</span> <span class='ocrx_word' id='word_1_632' title='bbox 1855 4983 1992 5030; x_wconf 88' lang='lat' dir='ltr'>Johannes</span> <span class='ocrx_word' id='word_1_633' title='bbox 2017 4981 2050 5030; x_wconf 88' lang='lat' dir='ltr'>de</span> <span class='ocrx_word' id='word_1_634' title='bbox 2068 4981 2173 5030; x_wconf 85' lang='lat' dir='ltr'>Albicis</span> <span class='ocrx_word' id='word_1_635' title='bbox 2199 4979 2315 5030; x_wconf 86' lang='lat' dir='ltr'>decanus</span> <span class='ocrx_word' id='word_1_636' title='bbox 2333 5007 2367 5016; x_wconf 45' lang='grc' dir='ltr'>ἢ</span> 
     </span>
     <span class='ocr_line' id='line_1_57' title="bbox 815 5051 2367 5116; baseline -0.003 -12"><span class='ocrx_word' id='word_1_637' title='bbox 815 5055 831 5104; x_wconf 88' lang='lat' dir='ltr'><strong>J</strong></span> <span class='ocrx_word' id='word_1_638' title='bbox 836 5053 952 5104; x_wconf 87' lang='lat' dir='ltr'>ohannes</span> <span class='ocrx_word' id='word_1_639' title='bbox 973 5051 1082 5104; x_wconf 87' lang='lat' dir='ltr'>Sancies</span> <span class='ocrx_word' id='word_1_640' title='bbox 1102 5077 1134 5086; x_wconf 89' lang='lat'>—-</span> <span class='ocrx_word' id='word_1_641' title='bbox 1154 5051 1288 5104; x_wconf 69' lang='lat' dir='ltr'>iohannes</span> <span class='ocrx_word' id='word_1_642' title='bbox 1309 5051 1392 5102; x_wconf 80' lang='lat' dir='ltr'>(lases</span> <span class='ocrx_word' id='word_1_643' title='bbox 1412 5079 1444 5086; x_wconf 85' lang='lat'>—</span> <span class='ocrx_word' id='word_1_644' title='bbox 1463 5051 1948 5102; x_wconf 70' lang='grc' dir='ltr'>1666666Β66666616166Ἑ6666116</span> <span class='ocrx_word' id='word_1_645' title='bbox 1967 5053 2183 5116; x_wconf 74' lang='grc'>-1666666166</span> <span class='ocrx_word' id='word_1_646' title='bbox 2203 5051 2303 5102; x_wconf 88' lang='lat' dir='ltr'>Plance</span> <span class='ocrx_word' id='word_1_647' title='bbox 2318 5067 2367 5114; x_wconf 90' lang='lat' dir='ltr'>pro</span> 
     </span>
     <span class='ocr_line' id='line_1_58' title="bbox 815 5121 2366 5188; baseline -0.002 -14"><span class='ocrx_word' id='word_1_648' title='bbox 815 5125 923 5176; x_wconf 90' lang='lat' dir='ltr'>duobus</span> <span class='ocrx_word' id='word_1_649' title='bbox 949 5149 981 5158; x_wconf 83' lang='lat'>-—</span> <span class='ocrx_word' id='word_1_650' title='bbox 1008 5123 1145 5174; x_wconf 64' lang='lat' dir='ltr'>«Iohannes</span> <span class='ocrx_word' id='word_1_651' title='bbox 1165 5123 1287 5174; x_wconf 82' lang='lat' dir='ltr'>Cardono</span> <span class='ocrx_word' id='word_1_652' title='bbox 1311 5151 1346 5158; x_wconf 88' lang='lat'>—-</span> <span class='ocrx_word' id='word_1_653' title='bbox 1371 5123 1499 5174; x_wconf 81' lang='lat' dir='ltr'>Julianus</span> <span class='ocrx_word' id='word_1_654' title='bbox 1518 5123 1659 5174; x_wconf 87' lang='lat' dir='ltr'>Marascha</span> <span class='ocrx_word' id='word_1_655' title='bbox 1684 5151 1719 5158; x_wconf 89' lang='lat'>—-</span> <span class='ocrx_word' id='word_1_656' title='bbox 1745 5123 1883 5174; x_wconf 85' lang='lat' dir='ltr'>Johannes</span> <span class='ocrx_word' id='word_1_657' title='bbox 1902 5123 2023 5174; x_wconf 89' lang='lat' dir='ltr'>Jaccbus</span> <span class='ocrx_word' id='word_1_658' title='bbox 2045 5121 2164 5188; x_wconf 82' lang='lat' dir='ltr'>Gipellns</span> <span class='ocrx_word' id='word_1_659' title='bbox 2185 5149 2217 5156; x_wconf 89' lang='lat'><em>-</em></span> <span class='ocrx_word' id='word_1_660' title='bbox 2245 5123 2366 5172; x_wconf 87' lang='lat' dir='ltr'>Jacobus</span> 
     </span>
     <span class='ocr_line' id='line_1_59' title="bbox 815 5193 2367 5258; baseline -0.004 -12"><span class='ocrx_word' id='word_1_661' title='bbox 815 5195 958 5246; x_wconf 85' lang='lat' dir='ltr'>Ssdcletus</span> <span class='ocrx_word' id='word_1_662' title='bbox 979 5221 1009 5230; x_wconf 82' lang='lat'>-</span> <span class='ocrx_word' id='word_1_663' title='bbox 1031 5195 1152 5246; x_wconf 68' lang='lat' dir='ltr'>[Iacobus</span> <span class='ocrx_word' id='word_1_664' title='bbox 1172 5193 1318 5246; x_wconf 84' lang='lat' dir='ltr'>Gottifredi</span> <span class='ocrx_word' id='word_1_665' title='bbox 1337 5219 1371 5228; x_wconf 88' lang='lat'>-</span> <span class='ocrx_word' id='word_1_666' title='bbox 1390 5195 1526 5246; x_wconf 87' lang='lat' dir='ltr'>Johanncs</span> <span class='ocrx_word' id='word_1_667' title='bbox 1544 5195 1626 5258; x_wconf 83' lang='lat' dir='ltr'>Regis</span> <span class='ocrx_word' id='word_1_668' title='bbox 1645 5221 1679 5228; x_wconf 87' lang='lat'><em>-</em></span> <span class='ocrx_word' id='word_1_669' title='bbox 1698 5193 1715 5244; x_wconf 89' lang='lat' dir='ltr'><strong>J</strong></span> <span class='ocrx_word' id='word_1_670' title='bbox 1718 5195 1836 5246; x_wconf 85' lang='lat' dir='ltr'>ohannes</span> <span class='ocrx_word' id='word_1_671' title='bbox 1855 5193 1984 5246; x_wconf 84' lang='lat' dir='ltr'>Roderioi</span> <span class='ocrx_word' id='word_1_672' title='bbox 2003 5193 2036 5244; x_wconf 91' lang='grc'>66</span> <span class='ocrx_word' id='word_1_673' title='bbox 2055 5195 2141 5258; x_wconf 87' lang='lat' dir='ltr'>Tapia</span> <span class='ocrx_word' id='word_1_674' title='bbox 2158 5219 2192 5228; x_wconf 94' lang='lat'>—</span> <span class='ocrx_word' id='word_1_675' title='bbox 2213 5193 2367 5244; x_wconf 89' lang='lat' dir='ltr'>Jcronimus</span> 
     </span>
     <span class='ocr_line' id='line_1_60' title="bbox 815 5263 2367 5330; baseline -0.005 -12"><span class='ocrx_word' id='word_1_676' title='bbox 815 5267 923 5318; x_wconf 79' lang='lat' dir='ltr'>Benaco</span> <span class='ocrx_word' id='word_1_677' title='bbox 941 5291 975 5300; x_wconf 86' lang='lat'>-</span> <span class='ocrx_word' id='word_1_678' title='bbox 993 5267 1091 5318; x_wconf 89' lang='lat' dir='ltr'>Livius</span> <span class='ocrx_word' id='word_1_679' title='bbox 1110 5267 1142 5318; x_wconf 92' lang='grc'>66</span> <span class='ocrx_word' id='word_1_680' title='bbox 1158 5265 1321 5316; x_wconf 78' lang='grc'>(1616616666</span> <span class='ocrx_word' id='word_1_681' title='bbox 1343 5291 1372 5300; x_wconf 93' lang='grc'>-</span> <span class='ocrx_word' id='word_1_682' title='bbox 1394 5267 1531 5318; x_wconf 63' lang='lat' dir='ltr'>«iohannes</span> <span class='ocrx_word' id='word_1_683' title='bbox 1545 5267 1707 5316; x_wconf 84' lang='lat' dir='ltr'>Franciscus</span> <span class='ocrx_word' id='word_1_684' title='bbox 1721 5265 1842 5330; x_wconf 86' lang='lat' dir='ltr'>Poggius</span> <span class='ocrx_word' id='word_1_685' title='bbox 1860 5291 1894 5300; x_wconf 86' lang='lat'>-—</span> <span class='ocrx_word' id='word_1_686' title='bbox 1913 5265 2067 5316; x_wconf 75' lang='lat' dir='ltr'>ieronimus</span> <span class='ocrx_word' id='word_1_687' title='bbox 2083 5265 2190 5314; x_wconf 86' lang='lat' dir='ltr'>&#39;Porclla</span> <span class='ocrx_word' id='word_1_688' title='bbox 2208 5263 2367 5312; x_wconf 86' lang='lat' dir='ltr'>—Latinus</span> 
     </span>
     <span class='ocr_line' id='line_1_61' title="bbox 815 5331 2366 5388; baseline -0.003 0"><span class='ocrx_word' id='word_1_689' title='bbox 815 5339 945 5388; x_wconf 83' lang='lat' dir='ltr'>Berressai</span> <span class='ocrx_word' id='word_1_690' title='bbox 965 5363 996 5372; x_wconf 88' lang='lat'>—</span> <span class='ocrx_word' id='word_1_691' title='bbox 1016 5337 1173 5388; x_wconf 88' lang='lat' dir='ltr'>Ludovicus</span> <span class='ocrx_word' id='word_1_692' title='bbox 1192 5339 1357 5386; x_wconf 85' lang='lat' dir='ltr'>Platamonis</span> <span class='ocrx_word' id='word_1_693' title='bbox 1374 5363 1411 5372; x_wconf 92' lang='lat'>-—</span> <span class='ocrx_word' id='word_1_694' title='bbox 1430 5337 1532 5388; x_wconf 87' lang='lat' dir='ltr'>Marius</span> <span class='ocrx_word' id='word_1_695' title='bbox 1553 5337 1585 5386; x_wconf 89' lang='lat' dir='ltr'>dc</span> <span class='ocrx_word' id='word_1_696' title='bbox 1604 5335 1749 5388; x_wconf 87' lang='lat' dir='ltr'>Wolterris</span> <span class='ocrx_word' id='word_1_697' title='bbox 1770 5363 1800 5370; x_wconf 89' lang='lat'><em>-</em></span> <span class='ocrx_word' id='word_1_698' title='bbox 1829 5337 1923 5386; x_wconf 85' lang='lat' dir='ltr'>Livius</span> <span class='ocrx_word' id='word_1_699' title='bbox 1943 5337 2148 5388; x_wconf 86' lang='lat' dir='ltr'>Podochatarus</span> <span class='ocrx_word' id='word_1_700' title='bbox 2174 5331 2208 5366; x_wconf 66' lang='lat'>2-</span> <span class='ocrx_word' id='word_1_701' title='bbox 2232 5335 2366 5384; x_wconf 87' lang='lat' dir='ltr'>Martinus</span> 
     </span>
     <span class='ocr_line' id='line_1_62' title="bbox 815 5405 2365 5474; baseline -0.003 -14"><span class='ocrx_word' id='word_1_702' title='bbox 815 5409 990 5474; x_wconf 85' lang='lat' dir='ltr'>Vigiianerda</span> <span class='ocrx_word' id='word_1_703' title='bbox 1019 5435 1047 5444; x_wconf 94' lang='lat'>—</span> <span class='ocrx_word' id='word_1_704' title='bbox 1073 5409 1203 5460; x_wconf 87' lang='lat' dir='ltr'>Nicolaus</span> <span class='ocrx_word' id='word_1_705' title='bbox 1220 5407 1395 5472; x_wconf 88' lang='lat' dir='ltr'>Ardingellus</span> <span class='ocrx_word' id='word_1_706' title='bbox 1418 5435 1454 5444; x_wconf 94' lang='lat'>—</span> <span class='ocrx_word' id='word_1_707' title='bbox 1477 5409 1605 5458; x_wconf 85' lang='lat' dir='ltr'>Nicotaus</span> <span class='ocrx_word' id='word_1_708' title='bbox 1635 5405 1666 5456; x_wconf 87' lang='lat' dir='ltr'>de</span> <span class='ocrx_word' id='word_1_709' title='bbox 1688 5405 1823 5470; x_wconf 86' lang='lat' dir='ltr'>Aragcnia</span> <span class='ocrx_word' id='word_1_710' title='bbox 1853 5429 1878 5438; x_wconf 83' lang='grc'>-</span> <span class='ocrx_word' id='word_1_711' title='bbox 1906 5407 2052 5474; x_wconf 86' lang='lat' dir='ltr'>Philippus</span> <span class='ocrx_word' id='word_1_712' title='bbox 2071 5405 2179 5468; x_wconf 88' lang='lat' dir='ltr'>Agnclli</span> <span class='ocrx_word' id='word_1_713' title='bbox 2203 5431 2239 5440; x_wconf 94' lang='lat'>—</span> <span class='ocrx_word' id='word_1_714' title='bbox 2263 5405 2365 5456; x_wconf 89' lang='lat' dir='ltr'>Paulus</span> 
     </span>
     <span class='ocr_line' id='line_1_63' title="bbox 815 5475 2365 5546; baseline -0.003 -16"><span class='ocrx_word' id='word_1_715' title='bbox 815 5481 916 5530; x_wconf 79' lang='lat' dir='ltr'>Plance</span> <span class='ocrx_word' id='word_1_716' title='bbox 937 5507 967 5514; x_wconf 94' lang='lat'><em>-</em></span> <span class='ocrx_word' id='word_1_717' title='bbox 986 5481 1083 5532; x_wconf 87' lang='lat' dir='ltr'>Petrus</span> <span class='ocrx_word' id='word_1_718' title='bbox 1105 5481 1136 5530; x_wconf 86' lang='lat' dir='ltr'>de</span> <span class='ocrx_word' id='word_1_719' title='bbox 1155 5481 1301 5530; x_wconf 86' lang='lat' dir='ltr'>Bascheuis</span> <span class='ocrx_word' id='word_1_720' title='bbox 1319 5503 1354 5512; x_wconf 86' lang='lat'>-—</span> <span class='ocrx_word' id='word_1_721' title='bbox 1372 5479 1518 5546; x_wconf 86' lang='lat' dir='ltr'>Philippus</span> <span class='ocrx_word' id='word_1_722' title='bbox 1537 5477 1570 5528; x_wconf 93' lang='lat' dir='ltr'>de</span> <span class='ocrx_word' id='word_1_723' title='bbox 1588 5477 1749 5528; x_wconf 85' lang='lat' dir='ltr'>Arivabenis</span> <span class='ocrx_word' id='word_1_724' title='bbox 1770 5507 1800 5516; x_wconf 90' lang='lat'><em>—</em></span> <span class='ocrx_word' id='word_1_725' title='bbox 1822 5477 1924 5528; x_wconf 87' lang='lat' dir='ltr'>Silvius</span> <span class='ocrx_word' id='word_1_726' title='bbox 1943 5479 2073 5528; x_wconf 87' lang='lat' dir='ltr'>Datarius</span> <span class='ocrx_word' id='word_1_727' title='bbox 2092 5501 2126 5510; x_wconf 86' lang='lat'>·-</span> <span class='ocrx_word' id='word_1_728' title='bbox 2144 5475 2260 5526; x_wconf 81' lang='lat' dir='ltr'>Thomas</span> <span class='ocrx_word' id='word_1_729' title='bbox 2281 5477 2365 5526; x_wconf 86' lang='lat' dir='ltr'>Binus</span> 
     </span>
     <span class='ocr_line' id='line_1_64' title="bbox 815 5545 2364 5618; baseline -0.006 -14"><span class='ocrx_word' id='word_1_730' title='bbox 815 5579 849 5588; x_wconf 89' lang='lat'>—</span> <span class='ocrx_word' id='word_1_731' title='bbox 868 5553 1027 5604; x_wconf 84' lang='lat' dir='ltr'>Vincentius</span> <span class='ocrx_word' id='word_1_732' title='bbox 1047 5549 1170 5618; x_wconf 84' lang='lat' dir='ltr'>Oaraplra</span> <span class='ocrx_word' id='word_1_733' title='bbox 1187 5551 1302 5614; x_wconf 87' lang='lat' dir='ltr'>archiep.</span> <span class='ocrx_word' id='word_1_734' title='bbox 1322 5549 1491 5616; x_wconf 87' lang='lat' dir='ltr'>Neapolitan.</span> <span class='ocrx_word' id='word_1_735' title='bbox 1512 5579 1542 5588; x_wconf 89' lang='lat'>—</span> <span class='ocrx_word' id='word_1_736' title='bbox 1563 5549 1723 5614; x_wconf 84' lang='lat' dir='ltr'>Rodolphus</span> <span class='ocrx_word' id='word_1_737' title='bbox 1745 5549 1775 5600; x_wconf 88' lang='lat' dir='ltr'>dc</span> <span class='ocrx_word' id='word_1_738' title='bbox 1794 5549 1959 5600; x_wconf 89' lang='lat' dir='ltr'>Panciatiois</span> <span class='ocrx_word' id='word_1_739' title='bbox 1979 5575 2013 5584; x_wconf 90' lang='lat'>—</span> <span class='ocrx_word' id='word_1_740' title='bbox 2031 5549 2194 5598; x_wconf 86' lang='lat' dir='ltr'>Ricomanns</span> <span class='ocrx_word' id='word_1_741' title='bbox 2208 5545 2364 5596; x_wconf 78' lang='lat' dir='ltr'>BufaImies.</span> 
     </span>
    </p>

    <p class='ocr_par' dir='ltr' id='par_1_20' title="bbox 816 5615 2365 5758">
     <span class='ocr_line' id='line_1_65' title="bbox 917 5615 2365 5684; baseline -0.004 -12"><span class='ocrx_word' id='word_1_742' title='bbox 917 5623 1033 5672; x_wconf 89' lang='lat' dir='ltr'>Nomina</span> <span class='ocrx_word' id='word_1_743' title='bbox 1050 5639 1113 5674; x_wconf 89' lang='lat' dir='ltr'>vero</span> <span class='ocrx_word' id='word_1_744' title='bbox 1133 5621 1322 5672; x_wconf 86' lang='lat' dir='ltr'>scutiferorum</span> <span class='ocrx_word' id='word_1_745' title='bbox 1340 5625 1404 5672; x_wconf 88' lang='lat' dir='ltr'>suut</span> <span class='ocrx_word' id='word_1_746' title='bbox 1422 5621 1500 5672; x_wconf 83' lang='lat' dir='ltr'>haec:</span> <span class='ocrx_word' id='word_1_747' title='bbox 1529 5621 1659 5684; x_wconf 82' lang='lat' dir='ltr'>Aloysius</span> <span class='ocrx_word' id='word_1_748' title='bbox 1678 5619 1826 5672; x_wconf 79' lang='lat' dir='ltr'>Gibralcon</span> <span class='ocrx_word' id='word_1_749' title='bbox 1851 5645 1885 5654; x_wconf 81' lang='lat'>-</span> <span class='ocrx_word' id='word_1_750' title='bbox 1912 5621 2080 5684; x_wconf 86' lang='lat' dir='ltr'>Augustinus</span> <span class='ocrx_word' id='word_1_751' title='bbox 2103 5615 2244 5682; x_wconf 80' lang='lat' dir='ltr'>Capriolus</span> <span class='ocrx_word' id='word_1_752' title='bbox 2264 5643 2297 5652; x_wconf 88' lang='lat'><em>-</em></span> <span class='ocrx_word' id='word_1_753' title='bbox 2318 5617 2365 5666; x_wconf 93' lang='lat' dir='ltr'>Al-</span> 
     </span>
     <span class='ocr_line' id='line_1_66' title="bbox 816 5687 2363 5758; baseline -0.003 -16"><span class='ocrx_word' id='word_1_754' title='bbox 816 5691 909 5744; x_wconf 89' lang='lat' dir='ltr'>fonsus</span> <span class='ocrx_word' id='word_1_755' title='bbox 929 5693 1062 5758; x_wconf 85' lang='lat' dir='ltr'>Outhigna</span> <span class='ocrx_word' id='word_1_756' title='bbox 1081 5719 1116 5728; x_wconf 84' lang='lat'>-—-</span> <span class='ocrx_word' id='word_1_757' title='bbox 1135 5693 1263 5744; x_wconf 88' lang='lat' dir='ltr'>Alfonsus</span> <span class='ocrx_word' id='word_1_758' title='bbox 1284 5691 1386 5744; x_wconf 82' lang='lat' dir='ltr'>Gherra</span> <span class='ocrx_word' id='word_1_759' title='bbox 1409 5715 1437 5722; x_wconf 89' lang='lat'>-</span> <span class='ocrx_word' id='word_1_760' title='bbox 1457 5691 1578 5746; x_wconf 83' lang='lat' dir='ltr'>Andreas</span> <span class='ocrx_word' id='word_1_761' title='bbox 1598 5689 1728 5756; x_wconf 80' lang='lat' dir='ltr'>Garriglio</span> <span class='ocrx_word' id='word_1_762' title='bbox 1748 5717 1784 5726; x_wconf 94' lang='lat'><em>-</em></span> <span class='ocrx_word' id='word_1_763' title='bbox 1808 5691 1943 5742; x_wconf 85' lang='lat' dir='ltr'>Antonius</span> <span class='ocrx_word' id='word_1_764' title='bbox 1962 5691 1995 5740; x_wconf 91' lang='lat' dir='ltr'>de</span> <span class='ocrx_word' id='word_1_765' title='bbox 2012 5687 2158 5740; x_wconf 89' lang='lat' dir='ltr'>Bascheuis</span> <span class='ocrx_word' id='word_1_766' title='bbox 2177 5713 2209 5722; x_wconf 91' lang='lat'>-</span> <span class='ocrx_word' id='word_1_767' title='bbox 2228 5689 2363 5740; x_wconf 89' lang='lat' dir='ltr'>Antonius</span> 
     </span>
    </p>
   </div>
   <div class='ocr_carea' id='block_1_17' title="bbox 0 0 2735 6724">
    <p class='ocr_par' dir='ltr' id='par_1_21' title="bbox 0 0 2735 6724">
     <span class='ocr_line' id='line_1_67' title="bbox 0 0 2735 6724; baseline 0 0"><span class='ocrx_word' id='word_1_768' title='bbox 0 0 2735 6724; x_wconf 95' lang='lat' dir='ltr'> </span> 
     </span>
    </p>
   </div>
  </div>
 </body>
</html>
